!TRNS	TRNSID	TRNSTYPE	DATE	ACCNT	NAME	AMOUNT	DOCNUM	MEMO	CLEAR	TOPRINT	NAMEISTAXABLE	ADDR1
!TRNS	TRNSID	TRNSTYPE	DATE	ACCNT	NAME	AMOUNT	DOCNUM	MEMO	CLEAR	TOPRINT	NAMEISTAXABLE	ADDR1
!SPL	SPLID	TRNSTYPE	DATE	ACCNT	NAME	AMOUNT	DOCNUM	MEMO	CLEAR	QNTY	PRICE	INVITEM
!ENDTRNS												
TRNS		STMT CHG	01/31/2026	Accounts Receivable	All American Aim:Camps and Clinics 2026	462.87			N	N	N	
SPL		STMT CHG	01/31/2026	Services/Sales:Processing Fees		-462.87			N	-13224.80	-0.035	Processing Fees
ENDTRNS												
TRNS		STMT CHG	01/31/2026	Accounts Receivable	All American Aim:Players 2025-2026	3807.21			N	N	N	
SPL		STMT CHG	01/31/2026	Services/Sales:Processing Fees		-3807.21			N	-108777.33	-0.035	Processing Fees
ENDTRNS												
TRNS		STMT CHG	01/31/2026	Accounts Receivable	American Select Lacrosse:Colorado 2026	401.03			N	N	N	
SPL		STMT CHG	01/31/2026	Services/Sales:Processing Fees		-401.03			N	-11457.86	-0.035	Processing Fees
ENDTRNS												
TRNS		STMT CHG	01/31/2026	Accounts Receivable	American Select Lacrosse:DC Virginia 2026	4.89			N	N	N	
SPL		STMT CHG	01/31/2026	Services/Sales:Processing Fees		-4.89			N	-139.73	-0.035	Processing Fees
ENDTRNS												
TRNS		STMT CHG	01/31/2026	Accounts Receivable	American Select Lacrosse:Delaware 2026	34.23			N	N	N	
SPL		STMT CHG	01/31/2026	Services/Sales:Processing Fees		-34.23			N	-978.11	-0.035	Processing Fees
ENDTRNS												
TRNS		STMT CHG	01/31/2026	Accounts Receivable	American Select Lacrosse:Florida 2026	4.89			N	N	N	
SPL		STMT CHG	01/31/2026	Services/Sales:Processing Fees		-4.89			N	-139.73	-0.035	Processing Fees
ENDTRNS												
TRNS		STMT CHG	01/31/2026	Accounts Receivable	American Select Lacrosse:Georgia 2026	132.04			N	N	N	
SPL		STMT CHG	01/31/2026	Services/Sales:Processing Fees		-132.04			N	-3772.71	-0.035	Processing Fees
ENDTRNS												
TRNS		STMT CHG	01/31/2026	Accounts Receivable	American Select Lacrosse:INDIVIDUAL Showcase 2026	235.46			N	N	N	
SPL		STMT CHG	01/31/2026	Services/Sales:Processing Fees		-235.46			N	-6727.50	-0.035	Processing Fees
ENDTRNS												
TRNS		STMT CHG	01/31/2026	Accounts Receivable	American Select Lacrosse:Long Island 2026	586.87			N	N	N	
SPL		STMT CHG	01/31/2026	Services/Sales:Processing Fees		-586.87			N	-16767.60	-0.035	Processing Fees
ENDTRNS												
TRNS		STMT CHG	01/31/2026	Accounts Receivable	American Select Lacrosse:Main Event 2026	7235.05			N	N	N	
SPL		STMT CHG	01/31/2026	Services/Sales:Processing Fees		-7235.05			N	-206715.67	-0.035	Processing Fees
ENDTRNS												
TRNS		STMT CHG	01/31/2026	Accounts Receivable	American Select Lacrosse:Maryland 2026	185.84			N	N	N	
SPL		STMT CHG	01/31/2026	Services/Sales:Processing Fees		-185.84			N	-5309.74	-0.035	Processing Fees
ENDTRNS												
TRNS		STMT CHG	01/31/2026	Accounts Receivable	American Select Lacrosse:Massachusetts 2026	357.01			N	N	N	
SPL		STMT CHG	01/31/2026	Services/Sales:Processing Fees		-357.01			N	-10200.29	-0.035	Processing Fees
ENDTRNS												
TRNS		STMT CHG	01/31/2026	Accounts Receivable	American Select Lacrosse:New Jersey 2026	493.95			N	N	N	
SPL		STMT CHG	01/31/2026	Services/Sales:Processing Fees		-493.95			N	-14112.73	-0.035	Processing Fees
ENDTRNS												
TRNS		STMT CHG	01/31/2026	Accounts Receivable	American Select Lacrosse:New York-Downstate 2026	313.00			N	N	N	
SPL		STMT CHG	01/31/2026	Services/Sales:Processing Fees		-313.00			N	-8942.72	-0.035	Processing Fees
ENDTRNS												
TRNS		STMT CHG	01/31/2026	Accounts Receivable	American Select Lacrosse:New York-Upstate 2026	425.48			N	N	N	
SPL		STMT CHG	01/31/2026	Services/Sales:Processing Fees		-425.48			N	-12156.51	-0.035	Processing Fees
ENDTRNS												
TRNS		STMT CHG	01/31/2026	Accounts Receivable	American Select Lacrosse:NorCal 2026	112.48			N	N	N	
SPL		STMT CHG	01/31/2026	Services/Sales:Processing Fees		-112.48			N	-3213.79	-0.035	Processing Fees
ENDTRNS												
TRNS		STMT CHG	01/31/2026	Accounts Receivable	American Select Lacrosse:North Carolina 2026	195.62			N	N	N	
SPL		STMT CHG	01/31/2026	Services/Sales:Processing Fees		-195.62			N	-5589.20	-0.035	Processing Fees
ENDTRNS												
TRNS		STMT CHG	01/31/2026	Accounts Receivable	American Select Lacrosse:North East 2026	200.51			N	N	N	
SPL		STMT CHG	01/31/2026	Services/Sales:Processing Fees		-200.51			N	-5728.93	-0.035	Processing Fees
ENDTRNS												
TRNS		STMT CHG	01/31/2026	Accounts Receivable	American Select Lacrosse:Pacific Northwest 2026	102.70			N	N	N	
SPL		STMT CHG	01/31/2026	Services/Sales:Processing Fees		-102.70			N	-2934.33	-0.035	Processing Fees
ENDTRNS												
TRNS		STMT CHG	01/31/2026	Accounts Receivable	American Select Lacrosse:Pennsylvania 2026	738.47			N	N	N	
SPL		STMT CHG	01/31/2026	Services/Sales:Processing Fees		-738.47			N	-21099.23	-0.035	Processing Fees
ENDTRNS												
TRNS		STMT CHG	01/31/2026	Accounts Receivable	American Select Lacrosse:SoCal 2026	156.50			N	N	N	
SPL		STMT CHG	01/31/2026	Services/Sales:Processing Fees		-156.50			N	-4471.36	-0.035	Processing Fees
ENDTRNS												
TRNS		STMT CHG	01/31/2026	Accounts Receivable	American Select Lacrosse:Tennessee 2026	4.89			N	N	N	
SPL		STMT CHG	01/31/2026	Services/Sales:Processing Fees		-4.89			N	-139.73	-0.035	Processing Fees
ENDTRNS												
TRNS		STMT CHG	01/31/2026	Accounts Receivable	Cape St. Claire Rec Council:Soccer Spring 2026	0.70			N	N	N	
SPL		STMT CHG	01/31/2026	Services/Sales:Processing Fees		-0.70			N	-20.00	-0.035	Processing Fees
ENDTRNS												
TRNS		STMT CHG	01/31/2026	Accounts Receivable	CLSS:MN Boys Showcase 2026	14.31			N	N	N	
SPL		STMT CHG	01/31/2026	Services/Sales:Processing Fees		-14.31			N	-408.83	-0.035	Processing Fees
ENDTRNS												
TRNS		STMT CHG	01/31/2026	Accounts Receivable	CLSS:TN Boys Showcase 2026	14.31			N	N	N	
SPL		STMT CHG	01/31/2026	Services/Sales:Processing Fees		-14.31			N	-408.83	-0.035	Processing Fees
ENDTRNS												
TRNS		STMT CHG	01/31/2026	Accounts Receivable	Compass Noreaster Lacrosse:Ghost Games 2026	1014.30			N	N	N	
SPL		STMT CHG	01/31/2026	Services/Sales:Processing Fees		-1014.30			N	-28980.00	-0.035	Processing Fees
ENDTRNS												
TRNS		STMT CHG	01/31/2026	Accounts Receivable	D3 Lacrosse:Girls Summer Showcase (Maryland) 2026	54.34			N	N	N	
SPL		STMT CHG	01/31/2026	Services/Sales:Processing Fees		-54.34			N	-1552.52	-0.035	Processing Fees
ENDTRNS												
TRNS		STMT CHG	01/31/2026	Accounts Receivable	D3 Lacrosse:Girls Summer Showcase 2026	40.75			N	N	N	
SPL		STMT CHG	01/31/2026	Services/Sales:Processing Fees		-40.75			N	-1164.39	-0.035	Processing Fees
ENDTRNS												
TRNS		STMT CHG	01/31/2026	Accounts Receivable	G8:Summer 2026	1684.46			N	N	N	
SPL		STMT CHG	01/31/2026	Services/Sales:Processing Fees		-1684.46			N	-48127.50	-0.035	Processing Fees
ENDTRNS												
TRNS		STMT CHG	01/31/2026	Accounts Receivable	Hero's Lacrosse:Camps and Clinics 2026	2.17			N	N	N	
SPL		STMT CHG	01/31/2026	Services/Sales:Processing Fees		-2.17			N	-62.10	-0.035	Processing Fees
ENDTRNS												
TRNS		STMT CHG	01/31/2026	Accounts Receivable	Hero's Lacrosse:Players 2025-2026	42.00			N	N	N	
SPL		STMT CHG	01/31/2026	Services/Sales:Processing Fees		-42.00			N	-1200.00	-0.035	Processing Fees
ENDTRNS												
TRNS		STMT CHG	01/31/2026	Accounts Receivable	Jr Pioneer Basketball:Spring Training 2026	75.82			N	N	N	
SPL		STMT CHG	01/31/2026	Services/Sales:Processing Fees		-75.82			N	-2166.29	-0.035	Processing Fees
ENDTRNS												
TRNS		STMT CHG	01/31/2026	Accounts Receivable	Lax By The Sea:Summer 2026	1622.88			N	N	N	
SPL		STMT CHG	01/31/2026	Services/Sales:Processing Fees		-1622.88			N	-46368.00	-0.035	Processing Fees
ENDTRNS												
TRNS		STMT CHG	01/31/2026	Accounts Receivable	Lax For The Cure:Fall Showcase 2026	416.59			N	N	N	
SPL		STMT CHG	01/31/2026	Services/Sales:Processing Fees		-416.59			N	-11902.50	-0.035	Processing Fees
ENDTRNS												
TRNS		STMT CHG	01/31/2026	Accounts Receivable	Lax For The Cure:Individual Showcase 2026	49.81			N	N	N	
SPL		STMT CHG	01/31/2026	Services/Sales:Processing Fees		-49.81			N	-1423.15	-0.035	Processing Fees
ENDTRNS												
TRNS		STMT CHG	01/31/2026	Accounts Receivable	Lax For The Cure:Summer 2026	4495.52			N	N	N	
SPL		STMT CHG	01/31/2026	Services/Sales:Processing Fees		-4495.52			N	-128443.50	-0.035	Processing Fees
ENDTRNS												
TRNS		STMT CHG	01/31/2026	Accounts Receivable	LI Yellow Jackets:Clinics and Leagues 2025-2026	292.73			N	N	N	
SPL		STMT CHG	01/31/2026	Services/Sales:Processing Fees		-292.73			N	-8363.62	-0.035	Processing Fees
ENDTRNS												
TRNS		STMT CHG	01/31/2026	Accounts Receivable	LI Yellow Jackets:Players 2026	491.26			N	N	N	
SPL		STMT CHG	01/31/2026	Services/Sales:Processing Fees		-491.26			N	-14036.00	-0.035	Processing Fees
ENDTRNS												
TRNS		STMT CHG	01/31/2026	Accounts Receivable	Live Love Lax Showcase:Individual Event 2026	18.11			N	N	N	
SPL		STMT CHG	01/31/2026	Services/Sales:Processing Fees		-18.11			N	-517.50	-0.035	Processing Fees
ENDTRNS												
TRNS		STMT CHG	01/31/2026	Accounts Receivable	Live Love Lax:Boys Summer 2026	21.74			N	N	N	
SPL		STMT CHG	01/31/2026	Services/Sales:Processing Fees		-21.74			N	-621.00	-0.035	Processing Fees
ENDTRNS												
TRNS		STMT CHG	01/31/2026	Accounts Receivable	Live Love Lax:Girls Fall Festival 2026	14.49			N	N	N	
SPL		STMT CHG	01/31/2026	Services/Sales:Processing Fees		-14.49			N	-414.00	-0.035	Processing Fees
ENDTRNS												
TRNS		STMT CHG	01/31/2026	Accounts Receivable	Live Love Lax:Girls Summer 2026	6183.61			N	N	N	
SPL		STMT CHG	01/31/2026	Services/Sales:Processing Fees		-6183.61			N	-176674.50	-0.035	Processing Fees
ENDTRNS												
TRNS		STMT CHG	01/31/2026	Accounts Receivable	Long Island Elite Lacrosse:Prime Time Recruiting Showcase 2026	86.94			N	N	N	
SPL		STMT CHG	01/31/2026	Services/Sales:Processing Fees		-86.94			N	-2484.00	-0.035	Processing Fees
ENDTRNS												
TRNS		STMT CHG	01/31/2026	Accounts Receivable	Long Island Elite Lacrosse:Young Guns Fall Festival 2026	14.49			N	N	N	
SPL		STMT CHG	01/31/2026	Services/Sales:Processing Fees		-14.49			N	-414.00	-0.035	Processing Fees
ENDTRNS												
TRNS		STMT CHG	01/31/2026	Accounts Receivable	Maryland Cup:Summer Showcase 2026	1177.31			N	N	N	
SPL		STMT CHG	01/31/2026	Services/Sales:Processing Fees		-1177.31			N	-33637.50	-0.035	Processing Fees
ENDTRNS												
TRNS		STMT CHG	01/31/2026	Accounts Receivable	Mendham Basketball:Boys Summer Camp 2026	50.72			N	N	N	
SPL		STMT CHG	01/31/2026	Services/Sales:Processing Fees		-50.72			N	-1449.00	-0.035	Processing Fees
ENDTRNS												
TRNS		STMT CHG	01/31/2026	Accounts Receivable	Mendham Girls Basketball:Summer Camp 2026	27.17			N	N	N	
SPL		STMT CHG	01/31/2026	Services/Sales:Processing Fees		-27.17			N	-776.25	-0.035	Processing Fees
ENDTRNS												
TRNS		STMT CHG	01/31/2026	Accounts Receivable	Premier Lacrosse:Camps and Clinics 2026	399.68			N	N	N	
SPL		STMT CHG	01/31/2026	Services/Sales:Processing Fees		-399.68			N	-11419.29	-0.035	Processing Fees
ENDTRNS												
TRNS		STMT CHG	01/31/2026	Accounts Receivable	StateOne Lacrosse:Camps and Clinics 2026	385.26			N	N	N	
SPL		STMT CHG	01/31/2026	Services/Sales:Processing Fees		-385.26			N	-11007.51	-0.035	Processing Fees
ENDTRNS												
TRNS		STMT CHG	01/31/2026	Accounts Receivable	STEPS Lacrosse California:Girls Elite Players 2025-2026	3727.15			N	N	N	
SPL		STMT CHG	01/31/2026	Services/Sales:Processing Fees		-3727.15			N	-106489.93	-0.035	Processing Fees
ENDTRNS												
TRNS		STMT CHG	01/31/2026	Accounts Receivable	STEPS Lacrosse:Boys Elite Players 2025-2026	2010.40			N	N	N	
SPL		STMT CHG	01/31/2026	Services/Sales:Processing Fees		-2010.40			N	-57440.00	-0.035	Processing Fees
ENDTRNS												
TRNS		STMT CHG	01/31/2026	Accounts Receivable	STEPS Lacrosse:Boys Elite Tryouts 2026-2027	21.74			N	N	N	
SPL		STMT CHG	01/31/2026	Services/Sales:Processing Fees		-21.74			N	-621.04	-0.035	Processing Fees
ENDTRNS												
TRNS		STMT CHG	01/31/2026	Accounts Receivable	STEPS Lacrosse:Fall Rodeo at Rider University 2026	18.11			N	N	N	
SPL		STMT CHG	01/31/2026	Services/Sales:Processing Fees		-18.11			N	-517.50	-0.035	Processing Fees
ENDTRNS												
TRNS		STMT CHG	01/31/2026	Accounts Receivable	STEPS Lacrosse:Girls Elite Players 2025-2026	6175.40			N	N	N	
SPL		STMT CHG	01/31/2026	Services/Sales:Processing Fees		-6175.40			N	-176440.00	-0.035	Processing Fees
ENDTRNS												
TRNS		STMT CHG	01/31/2026	Accounts Receivable	STEPS Lacrosse:Girls Elite Tryouts 2026-2027	217.89			N	N	N	
SPL		STMT CHG	01/31/2026	Services/Sales:Processing Fees		-217.89			N	-6225.53	-0.035	Processing Fees
ENDTRNS												
TRNS		STMT CHG	01/31/2026	Accounts Receivable	STEPS Lacrosse:Summer Programs 2026	418.41			N	N	N	
SPL		STMT CHG	01/31/2026	Services/Sales:Processing Fees		-418.41			N	-11954.46	-0.035	Processing Fees
ENDTRNS												
TRNS		STMT CHG	01/31/2026	Accounts Receivable	STEPS Lacrosse:Winter Training Programs 2026	261.54			N	N	N	
SPL		STMT CHG	01/31/2026	Services/Sales:Processing Fees		-261.54			N	-7472.70	-0.035	Processing Fees
ENDTRNS												
TRNS		STMT CHG	01/31/2026	Accounts Receivable	The Players Series:Girls Summer Showcase 2026	258.65			N	N	N	
SPL		STMT CHG	01/31/2026	Services/Sales:Processing Fees		-258.65			N	-7389.96	-0.035	Processing Fees
ENDTRNS												
TRNS		STMT CHG	01/31/2026	Accounts Receivable	The Shooting Lab:The Lab Elite Team Spring Tryouts 2026	1.45			N	N	N	
SPL		STMT CHG	01/31/2026	Services/Sales:Processing Fees		-1.45			N	-41.40	-0.035	Processing Fees
ENDTRNS												
TRNS		STMT CHG	01/31/2026	Accounts Receivable	Top of the Bay Lacrosse:#LaxisLife 2026	369.50			N	N	N	
SPL		STMT CHG	01/31/2026	Services/Sales:Processing Fees		-369.50			N	-10557.00	-0.035	Processing Fees
ENDTRNS												
TRNS		STMT CHG	01/31/2026	Accounts Receivable	Top of the Bay Lacrosse:Laxin Out Loud 2026	43.47			N	N	N	
SPL		STMT CHG	01/31/2026	Services/Sales:Processing Fees		-43.47			N	-1242.00	-0.035	Processing Fees
ENDTRNS												
TRNS		STMT CHG	01/31/2026	Accounts Receivable	Top of the Bay Lacrosse:Super Sixes May 16 2026	50.72			N	N	N	
SPL		STMT CHG	01/31/2026	Services/Sales:Processing Fees		-50.72			N	-1449.00	-0.035	Processing Fees
ENDTRNS												
TRNS		STMT CHG	01/31/2026	Accounts Receivable	Top of the Bay Lacrosse:Youth Nationals 2026	144.90			N	N	N	
SPL		STMT CHG	01/31/2026	Services/Sales:Processing Fees		-144.90			N	-4140.00	-0.035	Processing Fees
ENDTRNS												
TRNS		STMT CHG	01/31/2026	Accounts Receivable	UM:Independent Club Playday 2026	163.01			N	N	N	
SPL		STMT CHG	01/31/2026	Services/Sales:Processing Fees		-163.01			N	-4657.50	-0.035	Processing Fees
ENDTRNS												
TRNS		STMT CHG	01/31/2026	Accounts Receivable	UM:Maryland Lacrosse Camps Summer 2026	3091.81			N	N	N	
SPL		STMT CHG	01/31/2026	Services/Sales:Processing Fees		-3091.81			N	-88337.49	-0.035	Processing Fees
ENDTRNS												
TRNS		STMT CHG	01/31/2026	Accounts Receivable	UM:Player Clinic 2026	76.07			N	N	N	
SPL		STMT CHG	01/31/2026	Services/Sales:Processing Fees		-76.07			N	-2173.50	-0.035	Processing Fees
ENDTRNS												
TRNS		STMT CHG	01/31/2026	Accounts Receivable	UM:Winter Clinics 2026	321.76			N	N	N	
SPL		STMT CHG	01/31/2026	Services/Sales:Processing Fees		-321.76			N	-9193.00	-0.035	Processing Fees
ENDTRNS												
TRNS		STMT CHG	01/31/2026	Accounts Receivable	XPO:California 2026	210.11			N	N	N	
SPL		STMT CHG	01/31/2026	Services/Sales:Processing Fees		-210.11			N	-6003.04	-0.035	Processing Fees
ENDTRNS												
TRNS		STMT CHG	01/31/2026	Accounts Receivable	XPO:Florida Girls 2026	25.18			N	N	N	
SPL		STMT CHG	01/31/2026	Services/Sales:Processing Fees		-25.18			N	-719.33	-0.035	Processing Fees
ENDTRNS												
TRNS		STMT CHG	01/31/2026	Accounts Receivable	XPO:NJ Girls June 2026	57.24			N	N	N	
SPL		STMT CHG	01/31/2026	Services/Sales:Processing Fees		-57.24			N	-1635.32	-0.035	Processing Fees
ENDTRNS												
TRNS		STMT CHG	01/31/2026	Accounts Receivable	Yellow Jackets Dutchess:Players 2025-2026	79.10			N	N	N	
SPL		STMT CHG	01/31/2026	Services/Sales:Processing Fees		-79.10			N	-2260.00	-0.035	Processing Fees
ENDTRNS												
TRNS		STMT CHG	01/31/2026	Accounts Receivable	Yellow Jackets Mid-Atlantic:Camps and Clinics 2025-2026	7.25			N	N	N	
SPL		STMT CHG	01/31/2026	Services/Sales:Processing Fees		-7.25			N	-207.02	-0.035	Processing Fees
ENDTRNS												
TRNS		STMT CHG	01/31/2026	Accounts Receivable	Yellow Jackets Mid-Atlantic:Players 2025-2026	256.38			N	N	N	
SPL		STMT CHG	01/31/2026	Services/Sales:Processing Fees		-256.38			N	-7325.00	-0.035	Processing Fees
ENDTRNS												
TRNS		STMT CHG	01/31/2026	Accounts Receivable	Yellow Jackets Mid-Atlantic:Supplemental Tryouts 2026	2.72			N	N	N	
SPL		STMT CHG	01/31/2026	Services/Sales:Processing Fees		-2.72			N	-77.63	-0.035	Processing Fees
ENDTRNS												
TRNS		STMT CHG	01/31/2026	Accounts Receivable	Yellow Jackets Midwest:Camps and Clinics 2026	48.91			N	N	N	
SPL		STMT CHG	01/31/2026	Services/Sales:Processing Fees		-48.91			N	-1397.34	-0.035	Processing Fees
ENDTRNS												
TRNS		STMT CHG	01/31/2026	Accounts Receivable	Yellow Jackets Midwest:Players 2026	756.00			N	N	N	
SPL		STMT CHG	01/31/2026	Services/Sales:Processing Fees		-756.00			N	-21600.00	-0.035	Processing Fees
ENDTRNS												
TRNS		STMT CHG	01/31/2026	Accounts Receivable	Yellow Jackets North:Players 2025-2026	342.53			N	N	N	
SPL		STMT CHG	01/31/2026	Services/Sales:Processing Fees		-342.53			N	-9786.50	-0.035	Processing Fees
ENDTRNS												
TRNS		STMT CHG	01/31/2026	Accounts Receivable	Yellow Jackets North:Tryouts 2026-2027	60.68			N	N	N	
SPL		STMT CHG	01/31/2026	Services/Sales:Processing Fees		-60.68			N	-1733.71	-0.035	Processing Fees
ENDTRNS												
TRNS		STMT CHG	01/31/2026	Accounts Receivable	Yellow Jackets South:Camps and Clinics 2026	125.16			N	N	N	
SPL		STMT CHG	01/31/2026	Services/Sales:Processing Fees		-125.16			N	-3576.09	-0.035	Processing Fees
ENDTRNS												
TRNS		STMT CHG	01/31/2026	Accounts Receivable	Yellow Jackets South:Players 2025-2026	123.94			N	N	N	
SPL		STMT CHG	01/31/2026	Services/Sales:Processing Fees		-123.94			N	-3541.00	-0.035	Processing Fees
ENDTRNS												
!VEND	NAME	REFNUM	TIMESTAMP	PRINTAS	ADDR1	ADDR2	ADDR3	ADDR4	ADDR5	VTYPE	CONT1	CONT2	PHONE1	PHONE2	FAXNUM	EMAIL	NOTE	TAXID	LIMIT	TERMS	NOTEPAD	SALUTATION	COMPANYNAME	FIRSTNAME	MIDINIT	LASTNAME	CUSTFLD1	CUSTFLD2	CUSTFLD3	CUSTFLD4	CUSTFLD5	CUSTFLD6	CUSTFLD7	CUSTFLD8	CUSTFLD9	CUSTFLD10	CUSTFLD11	CUSTFLD12	CUSTFLD13	CUSTFLD14	CUSTFLD15	1099	HIDDEN	DELCOUNT
!TRNS	TRNSID	TRNSTYPE	DATE	ACCNT	NAME	CLASS	AMOUNT	DOCNUM	CLEAR	TOPRINT	MEMO																																	
!SPL	SPLID	TRNSTYPE	DATE	ACCNT	NAME	CLASS	AMOUNT	DOCNUM	CLEAR	QNTY	REIMBEXP																																	
!ENDTRNS																																												
TRNS		CHECK	02/02/2026	Checking	All American Aim		-117030.05		N	N	EFT Balance Due All American Aim																																	
SPL		CHECK	02/02/2026	Liability Due To Customers:All American Aim	All American Aim:Camps and Clinics 2026		12069.93			N					N	N	NOTHING																											
SPL		CHECK	02/02/2026	Liability Due To Customers:All American Aim	All American Aim:Players 2025-2026		104960.12			N					N	N	NOTHING																											
ENDTRNS																																												
!TRNS	TRNSID	TRNSTYPE	DATE	ACCNT	NAME	CLASS	AMOUNT	DOCNUM	CLEAR	TOPRINT	MEMO																																	
!SPL	SPLID	TRNSTYPE	DATE	ACCNT	NAME	CLASS	AMOUNT	DOCNUM	CLEAR	QNTY	REIMBEXP																																	
!ENDTRNS																																												
TRNS		CHECK	02/02/2026	Checking	American Select Lacrosse		-321872.32		N	N	EFT Balance Due American Select Lacrosse																																	
SPL		CHECK	02/02/2026	Liability Due To Customers:American Select Lacrosse	American Select Lacrosse:Colorado 2026		10651.83			N					N	N	NOTHING																											
SPL		CHECK	02/02/2026	Liability Due To Customers:American Select Lacrosse	American Select Lacrosse:DC Virginia 2026		124.84			N					N	N	NOTHING																											
SPL		CHECK	02/02/2026	Liability Due To Customers:American Select Lacrosse	American Select Lacrosse:Delaware 2026		908.88			N					N	N	NOTHING																											
SPL		CHECK	02/02/2026	Liability Due To Customers:American Select Lacrosse	American Select Lacrosse:Florida 2026		124.84			N					N	N	NOTHING																											
SPL		CHECK	02/02/2026	Liability Due To Customers:American Select Lacrosse	American Select Lacrosse:Georgia 2026		3510.67			N					N	N	NOTHING																											
SPL		CHECK	02/02/2026	Liability Due To Customers:American Select Lacrosse	American Select Lacrosse:INDIVIDUAL Showcase 2026		5310.64			N					N	N	NOTHING																											
SPL		CHECK	02/02/2026	Liability Due To Customers:American Select Lacrosse	American Select Lacrosse:Long Island 2026		15580.73			N					N	N	NOTHING																											
SPL		CHECK	02/02/2026	Liability Due To Customers:American Select Lacrosse	American Select Lacrosse:Main Event 2026		199480.62			N					N	N	NOTHING																											
SPL		CHECK	02/02/2026	Liability Due To Customers:American Select Lacrosse	American Select Lacrosse:Maryland 2026		4933.90			N					N	N	NOTHING																											
SPL		CHECK	02/02/2026	Liability Due To Customers:American Select Lacrosse	American Select Lacrosse:Massachusetts 2026		9478.28			N					N	N	NOTHING																											
SPL		CHECK	02/02/2026	Liability Due To Customers:American Select Lacrosse	American Select Lacrosse:New Jersey 2026		13113.78			N					N	N	NOTHING																											
SPL		CHECK	02/02/2026	Liability Due To Customers:American Select Lacrosse	American Select Lacrosse:New York-Downstate 2026		8299.72			N					N	N	NOTHING																											
SPL		CHECK	02/02/2026	Liability Due To Customers:American Select Lacrosse	American Select Lacrosse:New York-Upstate 2026		10737.11			N					N	N	NOTHING																											
SPL		CHECK	02/02/2026	Liability Due To Customers:American Select Lacrosse	American Select Lacrosse:NorCal 2026		2741.85			N					N	N	NOTHING																											
SPL		CHECK	02/02/2026	Liability Due To Customers:American Select Lacrosse	American Select Lacrosse:North Carolina 2026		5193.58			N					N	N	NOTHING																											
SPL		CHECK	02/02/2026	Liability Due To Customers:American Select Lacrosse	American Select Lacrosse:North East 2026		5328.42			N					N	N	NOTHING																											
SPL		CHECK	02/02/2026	Liability Due To Customers:American Select Lacrosse	American Select Lacrosse:Pacific Northwest 2026		2726.63			N					N	N	NOTHING																											
SPL		CHECK	02/02/2026	Liability Due To Customers:American Select Lacrosse	American Select Lacrosse:Pennsylvania 2026		19336.30			N					N	N	NOTHING																											
SPL		CHECK	02/02/2026	Liability Due To Customers:American Select Lacrosse	American Select Lacrosse:SoCal 2026		4159.86			N					N	N	NOTHING																											
SPL		CHECK	02/02/2026	Liability Due To Customers:American Select Lacrosse	American Select Lacrosse:Tennessee 2026		129.84			N					N	N	NOTHING																											
ENDTRNS																																												
!TRNS	TRNSID	TRNSTYPE	DATE	ACCNT	NAME	CLASS	AMOUNT	DOCNUM	CLEAR	TOPRINT	MEMO																																	
!SPL	SPLID	TRNSTYPE	DATE	ACCNT	NAME	CLASS	AMOUNT	DOCNUM	CLEAR	QNTY	REIMBEXP																																	
!ENDTRNS																																												
TRNS		CHECK	02/02/2026	Checking	Cape St. Claire Rec Council		20.70		N	N	EFT Balance Due Cape St. Claire Rec Council																																	
SPL		CHECK	02/02/2026	Liability Due To Customers:Cape St. Claire Rec Council	Cape St. Claire Rec Council:Soccer Spring 2026		-20.70			N					N	N	NOTHING																											
ENDTRNS																																												
!TRNS	TRNSID	TRNSTYPE	DATE	ACCNT	NAME	CLASS	AMOUNT	DOCNUM	CLEAR	TOPRINT	MEMO																																	
!SPL	SPLID	TRNSTYPE	DATE	ACCNT	NAME	CLASS	AMOUNT	DOCNUM	CLEAR	QNTY	REIMBEXP																																	
!ENDTRNS																																												
TRNS		CHECK	02/02/2026	Checking	CLSS		-779.04		N	N	EFT Balance Due CLSS																																	
SPL		CHECK	02/02/2026	Liability Due To Customers:CLSS	CLSS:MN Boys Showcase 2026		389.52			N					N	N	NOTHING																											
SPL		CHECK	02/02/2026	Liability Due To Customers:CLSS	CLSS:TN Boys Showcase 2026		389.52			N					N	N	NOTHING																											
ENDTRNS																																												
!TRNS	TRNSID	TRNSTYPE	DATE	ACCNT	NAME	CLASS	AMOUNT	DOCNUM	CLEAR	TOPRINT	MEMO																																	
!SPL	SPLID	TRNSTYPE	DATE	ACCNT	NAME	CLASS	AMOUNT	DOCNUM	CLEAR	QNTY	REIMBEXP																																	
!ENDTRNS																																												
TRNS		CHECK	02/02/2026	Checking	Compass Noreaster Lacrosse		-25375.70		N	N	EFT Balance Due Compass Noreaster Lacrosse																																	
SPL		CHECK	02/02/2026	Liability Due To Customers:Compass Noreaster Lacrosse	Compass Noreaster Lacrosse:Ghost Games 2026		25375.70			N					N	N	NOTHING																											
ENDTRNS																																												
!TRNS	TRNSID	TRNSTYPE	DATE	ACCNT	NAME	CLASS	AMOUNT	DOCNUM	CLEAR	TOPRINT	MEMO																																	
!SPL	SPLID	TRNSTYPE	DATE	ACCNT	NAME	CLASS	AMOUNT	DOCNUM	CLEAR	QNTY	REIMBEXP																																	
!ENDTRNS																																												
TRNS		CHECK	02/02/2026	Checking	Hero's Lacrosse		-1147.93		N	N	EFT Balance Due Hero's Lacrosse																																	
SPL		CHECK	02/02/2026	Liability Due To Customers:Hero's Lacrosse	Hero's Lacrosse:Camps and Clinics 2026		9.93			N					N	N	NOTHING																											
SPL		CHECK	02/02/2026	Liability Due To Customers:Hero's Lacrosse	Hero's Lacrosse:Players 2025-2026		1138.00			N					N	N	NOTHING																											
ENDTRNS																																												
!TRNS	TRNSID	TRNSTYPE	DATE	ACCNT	NAME	CLASS	AMOUNT	DOCNUM	CLEAR	TOPRINT	MEMO																																	
!SPL	SPLID	TRNSTYPE	DATE	ACCNT	NAME	CLASS	AMOUNT	DOCNUM	CLEAR	QNTY	REIMBEXP																																	
!ENDTRNS																																												
TRNS		CHECK	02/02/2026	Checking	Jr Pioneer Basketball		-2055.47		N	N	EFT Balance Due Jr Pioneer Basketball																																	
SPL		CHECK	02/02/2026	Liability Due To Customers:Jr Pioneer Basketball	Jr Pioneer Basketball:Spring Training 2026		2055.47			N					N	N	NOTHING																											
ENDTRNS																																												
!TRNS	TRNSID	TRNSTYPE	DATE	ACCNT	NAME	CLASS	AMOUNT	DOCNUM	CLEAR	TOPRINT	MEMO																																	
!SPL	SPLID	TRNSTYPE	DATE	ACCNT	NAME	CLASS	AMOUNT	DOCNUM	CLEAR	QNTY	REIMBEXP																																	
!ENDTRNS																																												
TRNS		CHECK	02/02/2026	Checking	Lax By The Sea		-44605.12		N	N	EFT Balance Due Lax By The Sea																																	
SPL		CHECK	02/02/2026	Liability Due To Customers:Lax By The Sea	Lax By The Sea:Summer 2026		44605.12			N					N	N	NOTHING																											
ENDTRNS																																												
!TRNS	TRNSID	TRNSTYPE	DATE	ACCNT	NAME	CLASS	AMOUNT	DOCNUM	CLEAR	TOPRINT	MEMO																																	
!SPL	SPLID	TRNSTYPE	DATE	ACCNT	NAME	CLASS	AMOUNT	DOCNUM	CLEAR	QNTY	REIMBEXP																																	
!ENDTRNS																																												
TRNS		CHECK	02/02/2026	Checking	LI Yellow Jackets		-20498.37		N	N	EFT Balance Due LI Yellow Jackets																																	
SPL		CHECK	02/02/2026	Liability Due To Customers:LI Yellow Jackets	LI Yellow Jackets:Clinics and Leagues 2025-2026		6923.63			N					N	N	NOTHING																											
SPL		CHECK	02/02/2026	Liability Due To Customers:LI Yellow Jackets	LI Yellow Jackets:Fall Signups 2025		0.00			N					N	N	NOTHING																											
SPL		CHECK	02/02/2026	Liability Due To Customers:LI Yellow Jackets	LI Yellow Jackets:Players 2026		13574.74			N					N	N	NOTHING																											
ENDTRNS																																												
!TRNS	TRNSID	TRNSTYPE	DATE	ACCNT	NAME	CLASS	AMOUNT	DOCNUM	CLEAR	TOPRINT	MEMO																																	
!SPL	SPLID	TRNSTYPE	DATE	ACCNT	NAME	CLASS	AMOUNT	DOCNUM	CLEAR	QNTY	REIMBEXP																																	
!ENDTRNS																																												
TRNS		CHECK	02/02/2026	Checking	Long Island Elite Lacrosse		-2446.57		N	N	EFT Balance Due Long Island Elite Lacrosse																																	
SPL		CHECK	02/02/2026	Liability Due To Customers:Long Island Elite Lacrosse	Long Island Elite Lacrosse:Prime Time Recruiting Showcase 2026		2222.06			N					N	N	NOTHING																											
SPL		CHECK	02/02/2026	Liability Due To Customers:Long Island Elite Lacrosse	Long Island Elite Lacrosse:Young Guns Fall Festival 2026		224.51			N					N	N	NOTHING																											
ENDTRNS																																												
!TRNS	TRNSID	TRNSTYPE	DATE	ACCNT	NAME	CLASS	AMOUNT	DOCNUM	CLEAR	TOPRINT	MEMO																																	
!SPL	SPLID	TRNSTYPE	DATE	ACCNT	NAME	CLASS	AMOUNT	DOCNUM	CLEAR	QNTY	REIMBEXP																																	
!ENDTRNS																																												
TRNS		CHECK	02/02/2026	Checking	Mendham Girls Basketball		-737.08		N	N	EFT Balance Due Mendham Girls Basketball																																	
SPL		CHECK	02/02/2026	Liability Due To Customers:Mendham Girls Basketball	Mendham Girls Basketball:Summer Camp 2026		737.08			N					N	N	NOTHING																											
ENDTRNS																																												
!TRNS	TRNSID	TRNSTYPE	DATE	ACCNT	NAME	CLASS	AMOUNT	DOCNUM	CLEAR	TOPRINT	MEMO																																	
!SPL	SPLID	TRNSTYPE	DATE	ACCNT	NAME	CLASS	AMOUNT	DOCNUM	CLEAR	QNTY	REIMBEXP																																	
!ENDTRNS																																												
TRNS		CHECK	02/02/2026	Checking	Premier Lacrosse		-10965.61		N	N	EFT Balance Due Premier Lacrosse																																	
SPL		CHECK	02/02/2026	Liability Due To Customers:Premier Lacrosse	Premier Lacrosse:Camps and Clinics 2026		10965.61			N					N	N	NOTHING																											
ENDTRNS																																												
!TRNS	TRNSID	TRNSTYPE	DATE	ACCNT	NAME	CLASS	AMOUNT	DOCNUM	CLEAR	TOPRINT	MEMO																																	
!SPL	SPLID	TRNSTYPE	DATE	ACCNT	NAME	CLASS	AMOUNT	DOCNUM	CLEAR	QNTY	REIMBEXP																																	
!ENDTRNS																																												
TRNS		CHECK	02/02/2026	Checking	StateOne Lacrosse		-10470.25		N	N	EFT Balance Due StateOne Lacrosse																																	
SPL		CHECK	02/02/2026	Liability Due To Customers:StateOne Lacrosse	StateOne Lacrosse:Camps and Clinics 2026		10470.25			N					N	N	NOTHING																											
ENDTRNS																																												
!TRNS	TRNSID	TRNSTYPE	DATE	ACCNT	NAME	CLASS	AMOUNT	DOCNUM	CLEAR	TOPRINT	MEMO																																	
!SPL	SPLID	TRNSTYPE	DATE	ACCNT	NAME	CLASS	AMOUNT	DOCNUM	CLEAR	QNTY	REIMBEXP																																	
!ENDTRNS																																												
TRNS		CHECK	02/02/2026	Checking	STEPS Lacrosse LLC		-746790.80		N	N	EFT Balance Due STEPS Lacrosse LLC																																	
SPL		CHECK	02/02/2026	Liability Due To Customers:G8	G8:Summer 2026		45233.04			N					N	N	NOTHING																											
SPL		CHECK	02/02/2026	Liability Due To Customers:Lax For The Cure	Lax For The Cure:Fall Showcase 2026		10680.91			N					N	N	NOTHING																											
SPL		CHECK	02/02/2026	Liability Due To Customers:Lax For The Cure	Lax For The Cure:Individual Showcase 2026		1348.34			N					N	N	NOTHING																											
SPL		CHECK	02/02/2026	Liability Due To Customers:Lax For The Cure	Lax For The Cure:Summer 2026		124087.98			N					N	N	NOTHING																											
SPL		CHECK	02/02/2026	Liability Due To Customers:Live Love Lax	Live Love Lax:Boys Summer 2026		424.26			N					N	N	NOTHING																											
SPL		CHECK	02/02/2026	Liability Due To Customers:Live Love Lax	Live Love Lax:Girls Fall Festival 2026		259.51			N					N	N	NOTHING																											
SPL		CHECK	02/02/2026	Liability Due To Customers:Live Love Lax	Live Love Lax:Girls Summer 2026		170035.89			N					N	N	NOTHING																											
SPL		CHECK	02/02/2026	Liability Due To Customers:Maryland Cup	Maryland Cup:Summer Showcase 2026		32390.19			N					N	N	NOTHING																											
SPL		CHECK	02/02/2026	Liability Due To Customers:STEPS Lacrosse	STEPS Lacrosse:Boys Elite Players 2025-2026		55429.60			N					N	N	NOTHING																											
SPL		CHECK	02/02/2026	Liability Due To Customers:STEPS Lacrosse	STEPS Lacrosse:Boys Elite Tryouts 2026-2027		599.30			N					N	N	NOTHING																											
SPL		CHECK	02/02/2026	Liability Due To Customers:STEPS Lacrosse	STEPS Lacrosse:Fall Rodeo at Rider University 2026		499.39			N					N	N	NOTHING																											
SPL		CHECK	02/02/2026	Liability Due To Customers:STEPS Lacrosse	STEPS Lacrosse:Girls Elite Players 2025-2026		170264.60			N					N	N	NOTHING																											
SPL		CHECK	02/02/2026	Liability Due To Customers:STEPS Lacrosse	STEPS Lacrosse:Girls Elite Tryouts 2026-2027		6007.64			N					N	N	NOTHING																											
SPL		CHECK	02/02/2026	Liability Due To Customers:STEPS Lacrosse	STEPS Lacrosse:Summer Programs 2026		11536.05			N					N	N	NOTHING																											
SPL		CHECK	02/02/2026	Liability Due To Customers:STEPS Lacrosse	STEPS Lacrosse:Winter Training Programs 2026		7211.16			N					N	N	NOTHING																											
SPL		CHECK	02/02/2026	Liability Due To Customers:STEPS Lacrosse California	STEPS Lacrosse California:Girls Elite Players 2025-2026		102762.78			N					N	N	NOTHING																											
SPL		CHECK	02/02/2026	Liability Due To Customers:XPO	XPO:California 2026		5752.93			N					N	N	NOTHING																											
SPL		CHECK	02/02/2026	Liability Due To Customers:XPO	XPO:Florida Girls 2026		709.15			N					N	N	NOTHING																											
SPL		CHECK	02/02/2026	Liability Due To Customers:XPO	XPO:NJ Girls June 2026		1558.08			N					N	N	NOTHING																											
ENDTRNS																																												
!TRNS	TRNSID	TRNSTYPE	DATE	ACCNT	NAME	CLASS	AMOUNT	DOCNUM	CLEAR	TOPRINT	MEMO																																	
!SPL	SPLID	TRNSTYPE	DATE	ACCNT	NAME	CLASS	AMOUNT	DOCNUM	CLEAR	QNTY	REIMBEXP																																	
!ENDTRNS																																												
TRNS		CHECK	02/02/2026	Checking	The Players Series		-9653.13		N	N	EFT Balance Due The Players Series																																	
SPL		CHECK	02/02/2026	Liability Due To Customers:D3 Lacrosse	D3 Lacrosse:Girls Summer Showcase (Maryland) 2026		1478.18			N					N	N	NOTHING																											
SPL		CHECK	02/02/2026	Liability Due To Customers:D3 Lacrosse	D3 Lacrosse:Girls Summer Showcase 2026		1108.64			N					N	N	NOTHING																											
SPL		CHECK	02/02/2026	Liability Due To Customers:The Players Series	The Players Series:Girls Summer Showcase 2026		7066.31			N					N	N	NOTHING																											
ENDTRNS																																												
!TRNS	TRNSID	TRNSTYPE	DATE	ACCNT	NAME	CLASS	AMOUNT	DOCNUM	CLEAR	TOPRINT	MEMO																																	
!SPL	SPLID	TRNSTYPE	DATE	ACCNT	NAME	CLASS	AMOUNT	DOCNUM	CLEAR	QNTY	REIMBEXP																																	
!ENDTRNS																																												
TRNS		CHECK	02/02/2026	Checking	The Shooting Lab		-1422.23		N	N	EFT Balance Due The Shooting Lab																																	
SPL		CHECK	02/02/2026	Liability Due To Customers:Mendham Basketball	Mendham Basketball:Boys Summer Camp 2026		1382.28			N					N	N	NOTHING																											
SPL		CHECK	02/02/2026	Liability Due To Customers:The Shooting Lab	The Shooting Lab:The Lab Elite Team Spring Tryouts 2026		39.95			N					N	N	NOTHING																											
ENDTRNS																																												
!TRNS	TRNSID	TRNSTYPE	DATE	ACCNT	NAME	CLASS	AMOUNT	DOCNUM	CLEAR	TOPRINT	MEMO																																	
!SPL	SPLID	TRNSTYPE	DATE	ACCNT	NAME	CLASS	AMOUNT	DOCNUM	CLEAR	QNTY	REIMBEXP																																	
!ENDTRNS																																												
TRNS		CHECK	02/02/2026	Checking	Top of the Bay Lacrosse		-8143.80		N	N	EFT Balance Due Top of the Bay Lacrosse																																	
SPL		CHECK	02/02/2026	Liability Due To Customers:Live Love Lax Showcase	Live Love Lax Showcase:Individual Event 2026		489.39			N					N	N	NOTHING																											
SPL		CHECK	02/02/2026	Liability Due To Customers:Top of the Bay Lacrosse	Top of the Bay Lacrosse:#LaxisLife 2026		9557.50			N					N	N	NOTHING																											
SPL		CHECK	02/02/2026	Liability Due To Customers:Top of the Bay Lacrosse	Top of the Bay Lacrosse:Laxin Out Loud 2026		1058.53			N					N	N	NOTHING																											
SPL		CHECK	02/02/2026	Liability Due To Customers:Top of the Bay Lacrosse	Top of the Bay Lacrosse:Super Sixes May 16 2026		1348.28			N					N	N	NOTHING																											
SPL		CHECK	02/02/2026	Liability Due To Customers:Top of the Bay Lacrosse	Top of the Bay Lacrosse:Super Sixes May 30 2026		-25.00			N					N	N	NOTHING																											
SPL		CHECK	02/02/2026	Liability Due To Customers:Top of the Bay Lacrosse	Top of the Bay Lacrosse:Youth Nationals 2026		-4284.90			N					N	N	NOTHING																											
ENDTRNS																																												
!TRNS	TRNSID	TRNSTYPE	DATE	ACCNT	NAME	CLASS	AMOUNT	DOCNUM	CLEAR	TOPRINT	MEMO																																	
!SPL	SPLID	TRNSTYPE	DATE	ACCNT	NAME	CLASS	AMOUNT	DOCNUM	CLEAR	QNTY	REIMBEXP																																	
!ENDTRNS																																												
TRNS		CHECK	02/02/2026	Checking	UM		-96647.84		N	N	EFT Balance Due UM																																	
SPL		CHECK	02/02/2026	Liability Due To Customers:UM	UM:Independent Club Playday 2026		4374.49			N					N	N	NOTHING																											
SPL		CHECK	02/02/2026	Liability Due To Customers:UM	UM:Maryland Lacrosse Camps Summer 2026		83660.68			N					N	N	NOTHING																											
SPL		CHECK	02/02/2026	Liability Due To Customers:UM	UM:Player Clinic 2026		2069.43			N					N	N	NOTHING																											
SPL		CHECK	02/02/2026	Liability Due To Customers:UM	UM:Winter Clinics 2026		6543.24			N					N	N	NOTHING																											
ENDTRNS																																												
!TRNS	TRNSID	TRNSTYPE	DATE	ACCNT	NAME	CLASS	AMOUNT	DOCNUM	CLEAR	TOPRINT	MEMO																																	
!SPL	SPLID	TRNSTYPE	DATE	ACCNT	NAME	CLASS	AMOUNT	DOCNUM	CLEAR	QNTY	REIMBEXP																																	
!ENDTRNS																																												
TRNS		CHECK	02/02/2026	Checking	Yellow Jackets Clubs TW		-42778.63		N	N	EFT Balance Due Yellow Jackets Clubs TW																																	
SPL		CHECK	02/02/2026	Liability Due To Customers:Yellow Jackets Dutchess	Yellow Jackets Dutchess:Players 2025-2026		2180.90			N					N	N	NOTHING																											
SPL		CHECK	02/02/2026	Liability Due To Customers:Yellow Jackets Mid-Atlantic	Yellow Jackets Mid-Atlantic:Camps and Clinics 2025-2026		193.77			N					N	N	NOTHING																											
SPL		CHECK	02/02/2026	Liability Due To Customers:Yellow Jackets Mid-Atlantic	Yellow Jackets Mid-Atlantic:Players 2025-2026		7068.62			N					N	N	NOTHING																											
SPL		CHECK	02/02/2026	Liability Due To Customers:Yellow Jackets Mid-Atlantic	Yellow Jackets Mid-Atlantic:Supplemental Tryouts 2026		74.91			N					N	N	NOTHING																											
SPL		CHECK	02/02/2026	Liability Due To Customers:Yellow Jackets Midwest	Yellow Jackets Midwest:Camps and Clinics 2026		1312.43			N					N	N	NOTHING																											
SPL		CHECK	02/02/2026	Liability Due To Customers:Yellow Jackets Midwest	Yellow Jackets Midwest:Players 2026		20831.00			N					N	N	NOTHING																											
SPL		CHECK	02/02/2026	Liability Due To Customers:Yellow Jackets North	Yellow Jackets North:Players 2025-2026		9443.97			N					N	N	NOTHING																											
SPL		CHECK	02/02/2026	Liability Due To Customers:Yellow Jackets North	Yellow Jackets North:Tryouts 2026-2027		1673.03			N					N	N	NOTHING																											
ENDTRNS																																												
!TRNS	TRNSID	TRNSTYPE	DATE	ACCNT	NAME	CLASS	AMOUNT	DOCNUM	CLEAR	TOPRINT	MEMO																																	
!SPL	SPLID	TRNSTYPE	DATE	ACCNT	NAME	CLASS	AMOUNT	DOCNUM	CLEAR	QNTY	REIMBEXP																																	
!ENDTRNS																																												
TRNS		CHECK	02/02/2026	Checking	Yellow Jackets South		-6773.99		N	N	EFT Balance Due Yellow Jackets South																																	
SPL		CHECK	02/02/2026	Liability Due To Customers:Yellow Jackets South	Yellow Jackets South:Camps and Clinics 2026		3356.93			N					N	N	NOTHING																											
SPL		CHECK	02/02/2026	Liability Due To Customers:Yellow Jackets South	Yellow Jackets South:Players 2025-2026		3417.06			N					N	N	NOTHING																											
ENDTRNS																																												
!TRNS	TRNSID	TRNSTYPE	DATE	ACCNT	NAME	CLASS	AMOUNT	DOCNUM	CLEAR	TOPRINT
!TRNS	TRNSID	TRNSTYPE	DATE	ACCNT	NAME	CLASS	AMOUNT	DOCNUM	CLEAR	TOPRINT
!SPL	SPLID	TRNSTYPE	DATE	ACCNT	NAME	CLASS	AMOUNT	DOCNUM	CLEAR	
!ENDTRNS										
TRNS		CHECK	01/01/2026	Checking	American Select Lacrosse:NorCal 2026		-139.73	476274	N	N
SPL		CHECK	01/01/2026	Liability Due to Customers:American Select Lacrosse	American Select Lacrosse:NorCal 2026		139.73	476274	N	N
ENDTRNS										
TRNS		CHECK	01/02/2026	Checking	All American Aim:Camps and Clinics 2026		-308.00	476315	N	N
SPL		CHECK	01/02/2026	Liability Due to Customers:All American Aim	All American Aim:Camps and Clinics 2026		308.00	476315	N	N
ENDTRNS										
TRNS		CHECK	01/02/2026	Checking	Cape St. Claire Rec Council:Soccer Spring 2026		-20.00	476289	N	N
SPL		CHECK	01/02/2026	Liability Due to Customers:Cape St. Claire Rec Council	Cape St. Claire Rec Council:Soccer Spring 2026		20.00	476289	N	N
ENDTRNS										
TRNS		CHECK	01/05/2026	Checking	G8:Summer 2026		-517.50	476865	N	N
SPL		CHECK	01/05/2026	Liability Due to Customers:G8	G8:Summer 2026		517.50	476865	N	N
ENDTRNS										
TRNS		CHECK	01/05/2026	Checking	UM:Winter Clinics 2026		-280.00	476880	N	N
SPL		CHECK	01/05/2026	Liability Due to Customers:UM	UM:Winter Clinics 2026		280.00	476880	N	N
ENDTRNS										
TRNS		CHECK	01/06/2026	Checking	UM:Winter Clinics 2026		-140.00	477077	N	N
SPL		CHECK	01/06/2026	Liability Due to Customers:UM	UM:Winter Clinics 2026		140.00	477077	N	N
ENDTRNS										
TRNS		CHECK	01/07/2026	Checking	Top of the Bay Lacrosse:Youth Nationals 2026		-4140.00	477242	N	N
SPL		CHECK	01/07/2026	Liability Due to Customers:Top of the Bay Lacrosse	Top of the Bay Lacrosse:Youth Nationals 2026		4140.00	477242	N	N
ENDTRNS										
TRNS		CHECK	01/09/2026	Checking	UM:Winter Clinics 2026		-420.00	477643	N	N
SPL		CHECK	01/09/2026	Liability Due to Customers:UM	UM:Winter Clinics 2026		420.00	477643	N	N
ENDTRNS										
TRNS		CHECK	01/10/2026	Checking	UM:Winter Clinics 2026		-280.00	477738	N	N
SPL		CHECK	01/10/2026	Liability Due to Customers:UM	UM:Winter Clinics 2026		280.00	477738	N	N
ENDTRNS										
TRNS		CHECK	01/12/2026	Checking	American Select Lacrosse:New York-Upstate 2026		-139.73	477925	N	N
SPL		CHECK	01/12/2026	Liability Due to Customers:American Select Lacrosse	American Select Lacrosse:New York-Upstate 2026		139.73	477925	N	N
ENDTRNS										
TRNS		CHECK	01/13/2026	Checking	American Select Lacrosse:INDIVIDUAL Showcase 2026		-269.10	478079	N	N
SPL		CHECK	01/13/2026	Liability Due to Customers:American Select Lacrosse	American Select Lacrosse:INDIVIDUAL Showcase 2026		269.10	478079	N	N
ENDTRNS										
TRNS		CHECK	01/15/2026	Checking	LI Yellow Jackets:Clinics and Leagues 2025-2026		-275.00	478264	N	N
SPL		CHECK	01/15/2026	Liability Due to Customers:LI Yellow Jackets	LI Yellow Jackets:Clinics and Leagues 2025-2026		275.00	478264	N	N
ENDTRNS										
TRNS		CHECK	01/19/2026	Checking	American Select Lacrosse:NorCal 2026		-139.73	478860	N	N
SPL		CHECK	01/19/2026	Liability Due to Customers:American Select Lacrosse	American Select Lacrosse:NorCal 2026		139.73	478860	N	N
ENDTRNS										
TRNS		CHECK	01/21/2026	Checking	American Select Lacrosse:Pennsylvania 2026		-139.73	479177	N	N
SPL		CHECK	01/21/2026	Liability Due to Customers:American Select Lacrosse	American Select Lacrosse:Pennsylvania 2026		139.73	479177	N	N
ENDTRNS										
TRNS		CHECK	01/22/2026	Checking	LI Yellow Jackets:Clinics and Leagues 2025-2026		-284.63	479593	N	N
SPL		CHECK	01/22/2026	Liability Due to Customers:LI Yellow Jackets	LI Yellow Jackets:Clinics and Leagues 2025-2026		284.63	479593	N	N
ENDTRNS										
TRNS		CHECK	01/27/2026	Checking	American Select Lacrosse:INDIVIDUAL Showcase 2026		-269.10	480134	N	N
SPL		CHECK	01/27/2026	Liability Due to Customers:American Select Lacrosse	American Select Lacrosse:INDIVIDUAL Showcase 2026		269.10	480134	N	N
ENDTRNS										
!TRNS	TRNSID	TRNSTYPE	DATE	ACCNT	NAME	CLASS	AMOUNT	DOCNUM	MEMO	CLEAR
!TRNS	TRNSID	TRNSTYPE	DATE	ACCNT	NAME	CLASS	AMOUNT	DOCNUM	MEMO	CLEAR
!SPL	SPLID	TRNSTYPE	DATE	ACCNT	NAME	CLASS	AMOUNT	DOCNUM	MEMO	CLEAR
!ENDTRNS										
TRNS		DEPOSIT	01/01/2026	Checking	All American Aim:Players 2025-2026		1375.00	476300		N
SPL		DEPOSIT	01/01/2026	Liability Due to Customers:All American Aim	All American Aim:Players 2025-2026		-1375.00	476300		N
ENDTRNS										
TRNS		DEPOSIT	01/01/2026	Checking	American Select Lacrosse:Colorado 2026		139.73	476254		N
SPL		DEPOSIT	01/01/2026	Liability Due to Customers:American Select Lacrosse	American Select Lacrosse:Colorado 2026		-139.73	476254		N
ENDTRNS										
TRNS		DEPOSIT	01/01/2026	Checking	American Select Lacrosse:Florida 2026		139.73	476279		N
SPL		DEPOSIT	01/01/2026	Liability Due to Customers:American Select Lacrosse	American Select Lacrosse:Florida 2026		-139.73	476279		N
ENDTRNS										
TRNS		DEPOSIT	01/01/2026	Checking	American Select Lacrosse:Georgia 2026		279.46	476268		N
SPL		DEPOSIT	01/01/2026	Liability Due to Customers:American Select Lacrosse	American Select Lacrosse:Georgia 2026		-279.46	476268		N
ENDTRNS										
TRNS		DEPOSIT	01/01/2026	Checking	American Select Lacrosse:INDIVIDUAL Showcase 2026		269.10	476259		N
SPL		DEPOSIT	01/01/2026	Liability Due to Customers:American Select Lacrosse	American Select Lacrosse:INDIVIDUAL Showcase 2026		-269.10	476259		N
ENDTRNS										
TRNS		DEPOSIT	01/01/2026	Checking	American Select Lacrosse:Long Island 2026		279.46	476278		N
SPL		DEPOSIT	01/01/2026	Liability Due to Customers:American Select Lacrosse	American Select Lacrosse:Long Island 2026		-279.46	476278		N
ENDTRNS										
TRNS		DEPOSIT	01/01/2026	Checking	American Select Lacrosse:Maryland 2026		139.73	476258		N
SPL		DEPOSIT	01/01/2026	Liability Due to Customers:American Select Lacrosse	American Select Lacrosse:Maryland 2026		-139.73	476258		N
ENDTRNS										
TRNS		DEPOSIT	01/01/2026	Checking	American Select Lacrosse:New Jersey 2026		139.73	476280		N
SPL		DEPOSIT	01/01/2026	Liability Due to Customers:American Select Lacrosse	American Select Lacrosse:New Jersey 2026		-139.73	476280		N
ENDTRNS										
TRNS		DEPOSIT	01/01/2026	Checking	American Select Lacrosse:NorCal 2026		139.73	476253		N
SPL		DEPOSIT	01/01/2026	Liability Due to Customers:American Select Lacrosse	American Select Lacrosse:NorCal 2026		-139.73	476253		N
ENDTRNS										
TRNS		DEPOSIT	01/01/2026	Checking	American Select Lacrosse:North East 2026		139.73	476277		N
SPL		DEPOSIT	01/01/2026	Liability Due to Customers:American Select Lacrosse	American Select Lacrosse:North East 2026		-139.73	476277		N
ENDTRNS										
TRNS		DEPOSIT	01/01/2026	Checking	LI Yellow Jackets:Clinics and Leagues 2025-2026		207.00	476273		N
SPL		DEPOSIT	01/01/2026	Liability Due to Customers:LI Yellow Jackets	LI Yellow Jackets:Clinics and Leagues 2025-2026		-207.00	476273		N
ENDTRNS										
TRNS		DEPOSIT	01/01/2026	Checking	StateOne Lacrosse:Camps and Clinics 2026		160.43	476271		N
SPL		DEPOSIT	01/01/2026	Liability Due to Customers:StateOne Lacrosse	StateOne Lacrosse:Camps and Clinics 2026		-160.43	476271		N
ENDTRNS										
TRNS		DEPOSIT	01/01/2026	Checking	STEPS Lacrosse:Boys Elite Players 2025-2026		435.00	476301		N
SPL		DEPOSIT	01/01/2026	Liability Due to Customers:STEPS Lacrosse	STEPS Lacrosse:Boys Elite Players 2025-2026		-435.00	476301		N
ENDTRNS										
TRNS		DEPOSIT	01/01/2026	Checking	STEPS Lacrosse:Winter Training Programs 2026		828.00	476267		N
SPL		DEPOSIT	01/01/2026	Liability Due to Customers:STEPS Lacrosse	STEPS Lacrosse:Winter Training Programs 2026		-828.00	476267		N
ENDTRNS										
TRNS		DEPOSIT	01/01/2026	Checking	The Players Series:Girls Summer Showcase 2026		615.83	476265		N
SPL		DEPOSIT	01/01/2026	Liability Due to Customers:The Players Series	The Players Series:Girls Summer Showcase 2026		-615.83	476265		N
ENDTRNS										
TRNS		DEPOSIT	01/01/2026	Checking	UM:Maryland Lacrosse Camps Summer 2026		853.88	476276		N
SPL		DEPOSIT	01/01/2026	Liability Due to Customers:UM	UM:Maryland Lacrosse Camps Summer 2026		-853.88	476276		N
ENDTRNS										
TRNS		DEPOSIT	01/01/2026	Checking	UM:Winter Clinics 2026		465.75	476272		N
SPL		DEPOSIT	01/01/2026	Liability Due to Customers:UM	UM:Winter Clinics 2026		-465.75	476272		N
ENDTRNS										
TRNS		DEPOSIT	01/01/2026	Checking	Yellow Jackets Mid-Atlantic:Camps and Clinics 2025-2026		77.63	476257		N
SPL		DEPOSIT	01/01/2026	Liability Due to Customers:Yellow Jackets Mid-Atlantic	Yellow Jackets Mid-Atlantic:Camps and Clinics 2025-2026		-77.63	476257		N
ENDTRNS										
TRNS		DEPOSIT	01/02/2026	Checking	All American Aim:Camps and Clinics 2026		1987.20	476328		N
SPL		DEPOSIT	01/02/2026	Liability Due to Customers:All American Aim	All American Aim:Camps and Clinics 2026		-1987.20	476328		N
ENDTRNS										
TRNS		DEPOSIT	01/02/2026	Checking	All American Aim:Players 2025-2026		3940.00	476444		N
SPL		DEPOSIT	01/02/2026	Liability Due to Customers:All American Aim	All American Aim:Players 2025-2026		-3940.00	476444		N
ENDTRNS										
TRNS		DEPOSIT	01/02/2026	Checking	American Select Lacrosse:Georgia 2026		139.73	476337		N
SPL		DEPOSIT	01/02/2026	Liability Due to Customers:American Select Lacrosse	American Select Lacrosse:Georgia 2026		-139.73	476337		N
ENDTRNS										
TRNS		DEPOSIT	01/02/2026	Checking	American Select Lacrosse:Long Island 2026		139.73	476324		N
SPL		DEPOSIT	01/02/2026	Liability Due to Customers:American Select Lacrosse	American Select Lacrosse:Long Island 2026		-139.73	476324		N
ENDTRNS										
TRNS		DEPOSIT	01/02/2026	Checking	American Select Lacrosse:New Jersey 2026		139.73	476335		N
SPL		DEPOSIT	01/02/2026	Liability Due to Customers:American Select Lacrosse	American Select Lacrosse:New Jersey 2026		-139.73	476335		N
ENDTRNS										
TRNS		DEPOSIT	01/02/2026	Checking	American Select Lacrosse:New York-Downstate 2026		139.73	476322		N
SPL		DEPOSIT	01/02/2026	Liability Due to Customers:American Select Lacrosse	American Select Lacrosse:New York-Downstate 2026		-139.73	476322		N
ENDTRNS										
TRNS		DEPOSIT	01/02/2026	Checking	American Select Lacrosse:New York-Upstate 2026		558.92	476338		N
SPL		DEPOSIT	01/02/2026	Liability Due to Customers:American Select Lacrosse	American Select Lacrosse:New York-Upstate 2026		-558.92	476338		N
ENDTRNS										
TRNS		DEPOSIT	01/02/2026	Checking	American Select Lacrosse:Pennsylvania 2026		139.73	476312		N
SPL		DEPOSIT	01/02/2026	Liability Due to Customers:American Select Lacrosse	American Select Lacrosse:Pennsylvania 2026		-139.73	476312		N
ENDTRNS										
TRNS		DEPOSIT	01/02/2026	Checking	American Select Lacrosse:SoCal 2026		279.46	476332		N
SPL		DEPOSIT	01/02/2026	Liability Due to Customers:American Select Lacrosse	American Select Lacrosse:SoCal 2026		-279.46	476332		N
ENDTRNS										
TRNS		DEPOSIT	01/02/2026	Checking	LI Yellow Jackets:Clinics and Leagues 2025-2026		569.25	476325		N
SPL		DEPOSIT	01/02/2026	Liability Due to Customers:LI Yellow Jackets	LI Yellow Jackets:Clinics and Leagues 2025-2026		-569.25	476325		N
ENDTRNS										
TRNS		DEPOSIT	01/02/2026	Checking	LI Yellow Jackets:Players 2026		828.00	476426		N
SPL		DEPOSIT	01/02/2026	Liability Due to Customers:LI Yellow Jackets	LI Yellow Jackets:Players 2026		-828.00	476426		N
ENDTRNS										
TRNS		DEPOSIT	01/02/2026	Checking	StateOne Lacrosse:Camps and Clinics 2026		802.15	476336		N
SPL		DEPOSIT	01/02/2026	Liability Due to Customers:StateOne Lacrosse	StateOne Lacrosse:Camps and Clinics 2026		-802.15	476336		N
ENDTRNS										
TRNS		DEPOSIT	01/02/2026	Checking	STEPS Lacrosse California:Girls Elite Players 2025-2026		6275.00	476447		N
SPL		DEPOSIT	01/02/2026	Liability Due to Customers:STEPS Lacrosse California	STEPS Lacrosse California:Girls Elite Players 2025-2026		-6275.00	476447		N
ENDTRNS										
TRNS		DEPOSIT	01/02/2026	Checking	STEPS Lacrosse:Girls Elite Players 2025-2026		340.00	476425		N
SPL		DEPOSIT	01/02/2026	Liability Due to Customers:STEPS Lacrosse	STEPS Lacrosse:Girls Elite Players 2025-2026		-340.00	476425		N
ENDTRNS										
TRNS		DEPOSIT	01/02/2026	Checking	UM:Maryland Lacrosse Camps Summer 2026		621.00	476327		N
SPL		DEPOSIT	01/02/2026	Liability Due to Customers:UM	UM:Maryland Lacrosse Camps Summer 2026		-621.00	476327		N
ENDTRNS										
TRNS		DEPOSIT	01/02/2026	Checking	UM:Winter Clinics 2026		465.75	476334		N
SPL		DEPOSIT	01/02/2026	Liability Due to Customers:UM	UM:Winter Clinics 2026		-465.75	476334		N
ENDTRNS										
TRNS		DEPOSIT	01/02/2026	Checking	XPO:Florida Girls 2026		719.33	476311		N
SPL		DEPOSIT	01/02/2026	Liability Due to Customers:XPO	XPO:Florida Girls 2026		-719.33	476311		N
ENDTRNS										
TRNS		DEPOSIT	01/02/2026	Checking	Yellow Jackets South:Camps and Clinics 2026		1148.91	476307		N
SPL		DEPOSIT	01/02/2026	Liability Due to Customers:Yellow Jackets South	Yellow Jackets South:Camps and Clinics 2026		-1148.91	476307		N
ENDTRNS										
TRNS		DEPOSIT	01/03/2026	Checking	All American Aim:Camps and Clinics 2026		1324.80	476486		N
SPL		DEPOSIT	01/03/2026	Liability Due to Customers:All American Aim	All American Aim:Camps and Clinics 2026		-1324.80	476486		N
ENDTRNS										
TRNS		DEPOSIT	01/03/2026	Checking	All American Aim:Players 2025-2026		10860.00	476701		N
SPL		DEPOSIT	01/03/2026	Liability Due to Customers:All American Aim	All American Aim:Players 2025-2026		-10860.00	476701		N
ENDTRNS										
TRNS		DEPOSIT	01/03/2026	Checking	American Select Lacrosse:Colorado 2026		139.73	476492		N
SPL		DEPOSIT	01/03/2026	Liability Due to Customers:American Select Lacrosse	American Select Lacrosse:Colorado 2026		-139.73	476492		N
ENDTRNS										
TRNS		DEPOSIT	01/03/2026	Checking	American Select Lacrosse:Long Island 2026		978.11	476485		N
SPL		DEPOSIT	01/03/2026	Liability Due to Customers:American Select Lacrosse	American Select Lacrosse:Long Island 2026		-978.11	476485		N
ENDTRNS										
TRNS		DEPOSIT	01/03/2026	Checking	American Select Lacrosse:Maryland 2026		419.19	476491		N
SPL		DEPOSIT	01/03/2026	Liability Due to Customers:American Select Lacrosse	American Select Lacrosse:Maryland 2026		-419.19	476491		N
ENDTRNS										
TRNS		DEPOSIT	01/03/2026	Checking	American Select Lacrosse:New Jersey 2026		558.92	476490		N
SPL		DEPOSIT	01/03/2026	Liability Due to Customers:American Select Lacrosse	American Select Lacrosse:New Jersey 2026		-558.92	476490		N
ENDTRNS										
TRNS		DEPOSIT	01/03/2026	Checking	American Select Lacrosse:New York-Upstate 2026		419.19	476477		N
SPL		DEPOSIT	01/03/2026	Liability Due to Customers:American Select Lacrosse	American Select Lacrosse:New York-Upstate 2026		-419.19	476477		N
ENDTRNS										
TRNS		DEPOSIT	01/03/2026	Checking	American Select Lacrosse:North Carolina 2026		139.73	476466		N
SPL		DEPOSIT	01/03/2026	Liability Due to Customers:American Select Lacrosse	American Select Lacrosse:North Carolina 2026		-139.73	476466		N
ENDTRNS										
TRNS		DEPOSIT	01/03/2026	Checking	American Select Lacrosse:North East 2026		279.46	476449		N
SPL		DEPOSIT	01/03/2026	Liability Due to Customers:American Select Lacrosse	American Select Lacrosse:North East 2026		-279.46	476449		N
ENDTRNS										
TRNS		DEPOSIT	01/03/2026	Checking	American Select Lacrosse:Pacific Northwest 2026		279.46	476456		N
SPL		DEPOSIT	01/03/2026	Liability Due to Customers:American Select Lacrosse	American Select Lacrosse:Pacific Northwest 2026		-279.46	476456		N
ENDTRNS										
TRNS		DEPOSIT	01/03/2026	Checking	American Select Lacrosse:Pennsylvania 2026		139.73	476458		N
SPL		DEPOSIT	01/03/2026	Liability Due to Customers:American Select Lacrosse	American Select Lacrosse:Pennsylvania 2026		-139.73	476458		N
ENDTRNS										
TRNS		DEPOSIT	01/03/2026	Checking	LI Yellow Jackets:Clinics and Leagues 2025-2026		362.25	476396		N
SPL		DEPOSIT	01/03/2026	Liability Due to Customers:LI Yellow Jackets	LI Yellow Jackets:Clinics and Leagues 2025-2026		-362.25	476396		N
ENDTRNS										
TRNS		DEPOSIT	01/03/2026	Checking	Premier Lacrosse:Camps and Clinics 2026		439.88	476464		N
SPL		DEPOSIT	01/03/2026	Liability Due to Customers:Premier Lacrosse	Premier Lacrosse:Camps and Clinics 2026		-439.88	476464		N
ENDTRNS										
TRNS		DEPOSIT	01/03/2026	Checking	StateOne Lacrosse:Camps and Clinics 2026		160.43	476451		N
SPL		DEPOSIT	01/03/2026	Liability Due to Customers:StateOne Lacrosse	StateOne Lacrosse:Camps and Clinics 2026		-160.43	476451		N
ENDTRNS										
TRNS		DEPOSIT	01/03/2026	Checking	STEPS Lacrosse California:Girls Elite Players 2025-2026		28518.75	476698		N
SPL		DEPOSIT	01/03/2026	Liability Due to Customers:STEPS Lacrosse California	STEPS Lacrosse California:Girls Elite Players 2025-2026		-28518.75	476698		N
ENDTRNS										
TRNS		DEPOSIT	01/03/2026	Checking	STEPS Lacrosse:Girls Elite Players 2025-2026		47000.00	476668		N
SPL		DEPOSIT	01/03/2026	Liability Due to Customers:STEPS Lacrosse	STEPS Lacrosse:Girls Elite Players 2025-2026		-47000.00	476668		N
ENDTRNS										
TRNS		DEPOSIT	01/03/2026	Checking	STEPS Lacrosse:Winter Training Programs 2026		641.70	476459		N
SPL		DEPOSIT	01/03/2026	Liability Due to Customers:STEPS Lacrosse	STEPS Lacrosse:Winter Training Programs 2026		-641.70	476459		N
ENDTRNS										
TRNS		DEPOSIT	01/03/2026	Checking	The Players Series:Girls Summer Showcase 2026		615.83	476484		N
SPL		DEPOSIT	01/03/2026	Liability Due to Customers:The Players Series	The Players Series:Girls Summer Showcase 2026		-615.83	476484		N
ENDTRNS										
TRNS		DEPOSIT	01/03/2026	Checking	UM:Maryland Lacrosse Camps Summer 2026		1474.88	476489		N
SPL		DEPOSIT	01/03/2026	Liability Due to Customers:UM	UM:Maryland Lacrosse Camps Summer 2026		-1474.88	476489		N
ENDTRNS										
TRNS		DEPOSIT	01/03/2026	Checking	UM:Winter Clinics 2026		310.50	476481		N
SPL		DEPOSIT	01/03/2026	Liability Due to Customers:UM	UM:Winter Clinics 2026		-310.50	476481		N
ENDTRNS										
TRNS		DEPOSIT	01/03/2026	Checking	Yellow Jackets Dutchess:Players 2025-2026		1130.00	476509		N
SPL		DEPOSIT	01/03/2026	Liability Due to Customers:Yellow Jackets Dutchess	Yellow Jackets Dutchess:Players 2025-2026		-1130.00	476509		N
ENDTRNS										
TRNS		DEPOSIT	01/03/2026	Checking	Yellow Jackets North:Players 2025-2026		930.00	476511		N
SPL		DEPOSIT	01/03/2026	Liability Due to Customers:Yellow Jackets North	Yellow Jackets North:Players 2025-2026		-930.00	476511		N
ENDTRNS										
TRNS		DEPOSIT	01/03/2026	Checking	Yellow Jackets South:Camps and Clinics 2026		388.15	476494		N
SPL		DEPOSIT	01/03/2026	Liability Due to Customers:Yellow Jackets South	Yellow Jackets South:Camps and Clinics 2026		-388.15	476494		N
ENDTRNS										
TRNS		DEPOSIT	01/04/2026	Checking	All American Aim:Camps and Clinics 2026		1324.80	476706		N
SPL		DEPOSIT	01/04/2026	Liability Due to Customers:All American Aim	All American Aim:Camps and Clinics 2026		-1324.80	476706		N
ENDTRNS										
TRNS		DEPOSIT	01/04/2026	Checking	All American Aim:Players 2025-2026		7350.00	476830		N
SPL		DEPOSIT	01/04/2026	Liability Due to Customers:All American Aim	All American Aim:Players 2025-2026		-7350.00	476830		N
ENDTRNS										
TRNS		DEPOSIT	01/04/2026	Checking	American Select Lacrosse:Long Island 2026		419.19	476705		N
SPL		DEPOSIT	01/04/2026	Liability Due to Customers:American Select Lacrosse	American Select Lacrosse:Long Island 2026		-419.19	476705		N
ENDTRNS										
TRNS		DEPOSIT	01/04/2026	Checking	American Select Lacrosse:New Jersey 2026		419.19	476719		N
SPL		DEPOSIT	01/04/2026	Liability Due to Customers:American Select Lacrosse	American Select Lacrosse:New Jersey 2026		-419.19	476719		N
ENDTRNS										
TRNS		DEPOSIT	01/04/2026	Checking	American Select Lacrosse:New York-Downstate 2026		139.73	476717		N
SPL		DEPOSIT	01/04/2026	Liability Due to Customers:American Select Lacrosse	American Select Lacrosse:New York-Downstate 2026		-139.73	476717		N
ENDTRNS										
TRNS		DEPOSIT	01/04/2026	Checking	American Select Lacrosse:New York-Upstate 2026		558.92	476725		N
SPL		DEPOSIT	01/04/2026	Liability Due to Customers:American Select Lacrosse	American Select Lacrosse:New York-Upstate 2026		-558.92	476725		N
ENDTRNS										
TRNS		DEPOSIT	01/04/2026	Checking	American Select Lacrosse:NorCal 2026		139.73	476495		N
SPL		DEPOSIT	01/04/2026	Liability Due to Customers:American Select Lacrosse	American Select Lacrosse:NorCal 2026		-139.73	476495		N
ENDTRNS										
TRNS		DEPOSIT	01/04/2026	Checking	American Select Lacrosse:Pacific Northwest 2026		139.73	476733		N
SPL		DEPOSIT	01/04/2026	Liability Due to Customers:American Select Lacrosse	American Select Lacrosse:Pacific Northwest 2026		-139.73	476733		N
ENDTRNS										
TRNS		DEPOSIT	01/04/2026	Checking	American Select Lacrosse:Pennsylvania 2026		978.11	476737		N
SPL		DEPOSIT	01/04/2026	Liability Due to Customers:American Select Lacrosse	American Select Lacrosse:Pennsylvania 2026		-978.11	476737		N
ENDTRNS										
TRNS		DEPOSIT	01/04/2026	Checking	American Select Lacrosse:SoCal 2026		139.73	476507		N
SPL		DEPOSIT	01/04/2026	Liability Due to Customers:American Select Lacrosse	American Select Lacrosse:SoCal 2026		-139.73	476507		N
ENDTRNS										
TRNS		DEPOSIT	01/04/2026	Checking	CLSS:MN Boys Showcase 2026		408.83	476727		N
SPL		DEPOSIT	01/04/2026	Liability Due to Customers:CLSS	CLSS:MN Boys Showcase 2026		-408.83	476727		N
ENDTRNS										
TRNS		DEPOSIT	01/04/2026	Checking	LI Yellow Jackets:Clinics and Leagues 2025-2026		569.25	476707		N
SPL		DEPOSIT	01/04/2026	Liability Due to Customers:LI Yellow Jackets	LI Yellow Jackets:Clinics and Leagues 2025-2026		-569.25	476707		N
ENDTRNS										
TRNS		DEPOSIT	01/04/2026	Checking	STEPS Lacrosse California:Girls Elite Players 2025-2026		9243.75	476832		N
SPL		DEPOSIT	01/04/2026	Liability Due to Customers:STEPS Lacrosse California	STEPS Lacrosse California:Girls Elite Players 2025-2026		-9243.75	476832		N
ENDTRNS										
TRNS		DEPOSIT	01/04/2026	Checking	STEPS Lacrosse:Girls Elite Players 2025-2026		13570.00	476829		N
SPL		DEPOSIT	01/04/2026	Liability Due to Customers:STEPS Lacrosse	STEPS Lacrosse:Girls Elite Players 2025-2026		-13570.00	476829		N
ENDTRNS										
TRNS		DEPOSIT	01/04/2026	Checking	STEPS Lacrosse:Winter Training Programs 2026		538.20	476726		N
SPL		DEPOSIT	01/04/2026	Liability Due to Customers:STEPS Lacrosse	STEPS Lacrosse:Winter Training Programs 2026		-538.20	476726		N
ENDTRNS										
TRNS		DEPOSIT	01/04/2026	Checking	UM:Maryland Lacrosse Camps Summer 2026		2923.88	476736		N
SPL		DEPOSIT	01/04/2026	Liability Due to Customers:UM	UM:Maryland Lacrosse Camps Summer 2026		-2923.88	476736		N
ENDTRNS										
TRNS		DEPOSIT	01/04/2026	Checking	UM:Winter Clinics 2026		621.00	476730		N
SPL		DEPOSIT	01/04/2026	Liability Due to Customers:UM	UM:Winter Clinics 2026		-621.00	476730		N
ENDTRNS										
TRNS		DEPOSIT	01/04/2026	Checking	Yellow Jackets Mid-Atlantic:Camps and Clinics 2025-2026		25.88	476723		N
SPL		DEPOSIT	01/04/2026	Liability Due to Customers:Yellow Jackets Mid-Atlantic	Yellow Jackets Mid-Atlantic:Camps and Clinics 2025-2026		-25.88	476723		N
ENDTRNS										
TRNS		DEPOSIT	01/04/2026	Checking	Yellow Jackets Mid-Atlantic:Players 2025-2026		825.00	476764		N
SPL		DEPOSIT	01/04/2026	Liability Due to Customers:Yellow Jackets Mid-Atlantic	Yellow Jackets Mid-Atlantic:Players 2025-2026		-825.00	476764		N
ENDTRNS										
TRNS		DEPOSIT	01/04/2026	Checking	Yellow Jackets North:Players 2025-2026		697.50	476765		N
SPL		DEPOSIT	01/04/2026	Liability Due to Customers:Yellow Jackets North	Yellow Jackets North:Players 2025-2026		-697.50	476765		N
ENDTRNS										
TRNS		DEPOSIT	01/04/2026	Checking	Yellow Jackets South:Camps and Clinics 2026		155.26	476732		N
SPL		DEPOSIT	01/04/2026	Liability Due to Customers:Yellow Jackets South	Yellow Jackets South:Camps and Clinics 2026		-155.26	476732		N
ENDTRNS										
TRNS		DEPOSIT	01/05/2026	Checking	All American Aim:Camps and Clinics 2026		3643.20	476935		N
SPL		DEPOSIT	01/05/2026	Liability Due to Customers:All American Aim	All American Aim:Camps and Clinics 2026		-3643.20	476935		N
ENDTRNS										
TRNS		DEPOSIT	01/05/2026	Checking	All American Aim:Players 2025-2026		1685.00	477018		N
SPL		DEPOSIT	01/05/2026	Liability Due to Customers:All American Aim	All American Aim:Players 2025-2026		-1685.00	477018		N
ENDTRNS										
TRNS		DEPOSIT	01/05/2026	Checking	American Select Lacrosse:Colorado 2026		419.19	476755		N
SPL		DEPOSIT	01/05/2026	Liability Due to Customers:American Select Lacrosse	American Select Lacrosse:Colorado 2026		-419.19	476755		N
ENDTRNS										
TRNS		DEPOSIT	01/05/2026	Checking	American Select Lacrosse:Georgia 2026		279.46	476867		N
SPL		DEPOSIT	01/05/2026	Liability Due to Customers:American Select Lacrosse	American Select Lacrosse:Georgia 2026		-279.46	476867		N
ENDTRNS										
TRNS		DEPOSIT	01/05/2026	Checking	American Select Lacrosse:INDIVIDUAL Showcase 2026		269.10	476853		N
SPL		DEPOSIT	01/05/2026	Liability Due to Customers:American Select Lacrosse	American Select Lacrosse:INDIVIDUAL Showcase 2026		-269.10	476853		N
ENDTRNS										
TRNS		DEPOSIT	01/05/2026	Checking	American Select Lacrosse:Long Island 2026		139.73	476924		N
SPL		DEPOSIT	01/05/2026	Liability Due to Customers:American Select Lacrosse	American Select Lacrosse:Long Island 2026		-139.73	476924		N
ENDTRNS										
TRNS		DEPOSIT	01/05/2026	Checking	American Select Lacrosse:Main Event 2026		13455.00	476955		N
SPL		DEPOSIT	01/05/2026	Liability Due to Customers:American Select Lacrosse	American Select Lacrosse:Main Event 2026		-13455.00	476955		N
ENDTRNS										
TRNS		DEPOSIT	01/05/2026	Checking	American Select Lacrosse:New Jersey 2026		1397.30	476946		N
SPL		DEPOSIT	01/05/2026	Liability Due to Customers:American Select Lacrosse	American Select Lacrosse:New Jersey 2026		-1397.30	476946		N
ENDTRNS										
TRNS		DEPOSIT	01/05/2026	Checking	American Select Lacrosse:New York-Downstate 2026		698.65	476840		N
SPL		DEPOSIT	01/05/2026	Liability Due to Customers:American Select Lacrosse	American Select Lacrosse:New York-Downstate 2026		-698.65	476840		N
ENDTRNS										
TRNS		DEPOSIT	01/05/2026	Checking	American Select Lacrosse:New York-Upstate 2026		419.19	476848		N
SPL		DEPOSIT	01/05/2026	Liability Due to Customers:American Select Lacrosse	American Select Lacrosse:New York-Upstate 2026		-419.19	476848		N
ENDTRNS										
TRNS		DEPOSIT	01/05/2026	Checking	American Select Lacrosse:NorCal 2026		279.46	476869		N
SPL		DEPOSIT	01/05/2026	Liability Due to Customers:American Select Lacrosse	American Select Lacrosse:NorCal 2026		-279.46	476869		N
ENDTRNS										
TRNS		DEPOSIT	01/05/2026	Checking	American Select Lacrosse:North Carolina 2026		139.73	476841		N
SPL		DEPOSIT	01/05/2026	Liability Due to Customers:American Select Lacrosse	American Select Lacrosse:North Carolina 2026		-139.73	476841		N
ENDTRNS										
TRNS		DEPOSIT	01/05/2026	Checking	American Select Lacrosse:Pennsylvania 2026		1816.49	476953		N
SPL		DEPOSIT	01/05/2026	Liability Due to Customers:American Select Lacrosse	American Select Lacrosse:Pennsylvania 2026		-1816.49	476953		N
ENDTRNS										
TRNS		DEPOSIT	01/05/2026	Checking	American Select Lacrosse:SoCal 2026		558.92	476917		N
SPL		DEPOSIT	01/05/2026	Liability Due to Customers:American Select Lacrosse	American Select Lacrosse:SoCal 2026		-558.92	476917		N
ENDTRNS										
TRNS		DEPOSIT	01/05/2026	Checking	G8:Summer 2026		1863.00	476854		N
SPL		DEPOSIT	01/05/2026	Liability Due to Customers:G8	G8:Summer 2026		-1863.00	476854		N
ENDTRNS										
TRNS		DEPOSIT	01/05/2026	Checking	Lax For The Cure:Summer 2026		7038.00	476945		N
SPL		DEPOSIT	01/05/2026	Liability Due to Customers:Lax For The Cure	Lax For The Cure:Summer 2026		-7038.00	476945		N
ENDTRNS										
TRNS		DEPOSIT	01/05/2026	Checking	LI Yellow Jackets:Clinics and Leagues 2025-2026		207.00	476758		N
SPL		DEPOSIT	01/05/2026	Liability Due to Customers:LI Yellow Jackets	LI Yellow Jackets:Clinics and Leagues 2025-2026		-207.00	476758		N
ENDTRNS										
TRNS		DEPOSIT	01/05/2026	Checking	Live Love Lax:Girls Summer 2026		6831.00	476941		N
SPL		DEPOSIT	01/05/2026	Liability Due to Customers:Live Love Lax	Live Love Lax:Girls Summer 2026		-6831.00	476941		N
ENDTRNS										
TRNS		DEPOSIT	01/05/2026	Checking	Maryland Cup:Summer Showcase 2026		1242.00	476852		N
SPL		DEPOSIT	01/05/2026	Liability Due to Customers:Maryland Cup	Maryland Cup:Summer Showcase 2026		-1242.00	476852		N
ENDTRNS										
TRNS		DEPOSIT	01/05/2026	Checking	Premier Lacrosse:Camps and Clinics 2026		825.94	476954		N
SPL		DEPOSIT	01/05/2026	Liability Due to Customers:Premier Lacrosse	Premier Lacrosse:Camps and Clinics 2026		-825.94	476954		N
ENDTRNS										
TRNS		DEPOSIT	01/05/2026	Checking	StateOne Lacrosse:Camps and Clinics 2026		160.43	476873		N
SPL		DEPOSIT	01/05/2026	Liability Due to Customers:StateOne Lacrosse	StateOne Lacrosse:Camps and Clinics 2026		-160.43	476873		N
ENDTRNS										
TRNS		DEPOSIT	01/05/2026	Checking	STEPS Lacrosse California:Girls Elite Players 2025-2026		1300.00	476858		N
SPL		DEPOSIT	01/05/2026	Liability Due to Customers:STEPS Lacrosse California	STEPS Lacrosse California:Girls Elite Players 2025-2026		-1300.00	476858		N
ENDTRNS										
TRNS		DEPOSIT	01/05/2026	Checking	STEPS Lacrosse:Girls Elite Players 2025-2026		1435.00	477016		N
SPL		DEPOSIT	01/05/2026	Liability Due to Customers:STEPS Lacrosse	STEPS Lacrosse:Girls Elite Players 2025-2026		-1435.00	477016		N
ENDTRNS										
TRNS		DEPOSIT	01/05/2026	Checking	STEPS Lacrosse:Winter Training Programs 2026		662.40	476859		N
SPL		DEPOSIT	01/05/2026	Liability Due to Customers:STEPS Lacrosse	STEPS Lacrosse:Winter Training Programs 2026		-662.40	476859		N
ENDTRNS										
TRNS		DEPOSIT	01/05/2026	Checking	UM:Maryland Lacrosse Camps Summer 2026		4812.76	476932		N
SPL		DEPOSIT	01/05/2026	Liability Due to Customers:UM	UM:Maryland Lacrosse Camps Summer 2026		-4812.76	476932		N
ENDTRNS										
TRNS		DEPOSIT	01/05/2026	Checking	UM:Winter Clinics 2026		1242.00	476920		N
SPL		DEPOSIT	01/05/2026	Liability Due to Customers:UM	UM:Winter Clinics 2026		-1242.00	476920		N
ENDTRNS										
TRNS		DEPOSIT	01/05/2026	Checking	Yellow Jackets South:Camps and Clinics 2026		77.63	476844		N
SPL		DEPOSIT	01/05/2026	Liability Due to Customers:Yellow Jackets South	Yellow Jackets South:Camps and Clinics 2026		-77.63	476844		N
ENDTRNS										
TRNS		DEPOSIT	01/06/2026	Checking	All American Aim:Camps and Clinics 2026		3312.00	477134		N
SPL		DEPOSIT	01/06/2026	Liability Due to Customers:All American Aim	All American Aim:Camps and Clinics 2026		-3312.00	477134		N
ENDTRNS										
TRNS		DEPOSIT	01/06/2026	Checking	All American Aim:Players 2025-2026		1923.33	477212		N
SPL		DEPOSIT	01/06/2026	Liability Due to Customers:All American Aim	All American Aim:Players 2025-2026		-1923.33	477212		N
ENDTRNS										
TRNS		DEPOSIT	01/06/2026	Checking	American Select Lacrosse:Colorado 2026		419.19	477098		N
SPL		DEPOSIT	01/06/2026	Liability Due to Customers:American Select Lacrosse	American Select Lacrosse:Colorado 2026		-419.19	477098		N
ENDTRNS										
TRNS		DEPOSIT	01/06/2026	Checking	American Select Lacrosse:INDIVIDUAL Showcase 2026		1076.40	477119		N
SPL		DEPOSIT	01/06/2026	Liability Due to Customers:American Select Lacrosse	American Select Lacrosse:INDIVIDUAL Showcase 2026		-1076.40	477119		N
ENDTRNS										
TRNS		DEPOSIT	01/06/2026	Checking	American Select Lacrosse:Long Island 2026		419.19	477108		N
SPL		DEPOSIT	01/06/2026	Liability Due to Customers:American Select Lacrosse	American Select Lacrosse:Long Island 2026		-419.19	477108		N
ENDTRNS										
TRNS		DEPOSIT	01/06/2026	Checking	American Select Lacrosse:Main Event 2026		19509.75	477132		N
SPL		DEPOSIT	01/06/2026	Liability Due to Customers:American Select Lacrosse	American Select Lacrosse:Main Event 2026		-19509.75	477132		N
ENDTRNS										
TRNS		DEPOSIT	01/06/2026	Checking	American Select Lacrosse:Maryland 2026		279.46	477095		N
SPL		DEPOSIT	01/06/2026	Liability Due to Customers:American Select Lacrosse	American Select Lacrosse:Maryland 2026		-279.46	477095		N
ENDTRNS										
TRNS		DEPOSIT	01/06/2026	Checking	American Select Lacrosse:New Jersey 2026		838.38	477128		N
SPL		DEPOSIT	01/06/2026	Liability Due to Customers:American Select Lacrosse	American Select Lacrosse:New Jersey 2026		-838.38	477128		N
ENDTRNS										
TRNS		DEPOSIT	01/06/2026	Checking	American Select Lacrosse:New York-Downstate 2026		558.92	477109		N
SPL		DEPOSIT	01/06/2026	Liability Due to Customers:American Select Lacrosse	American Select Lacrosse:New York-Downstate 2026		-558.92	477109		N
ENDTRNS										
TRNS		DEPOSIT	01/06/2026	Checking	American Select Lacrosse:New York-Upstate 2026		698.65	477137		N
SPL		DEPOSIT	01/06/2026	Liability Due to Customers:American Select Lacrosse	American Select Lacrosse:New York-Upstate 2026		-698.65	477137		N
ENDTRNS										
TRNS		DEPOSIT	01/06/2026	Checking	American Select Lacrosse:NorCal 2026		279.46	477099		N
SPL		DEPOSIT	01/06/2026	Liability Due to Customers:American Select Lacrosse	American Select Lacrosse:NorCal 2026		-279.46	477099		N
ENDTRNS										
TRNS		DEPOSIT	01/06/2026	Checking	American Select Lacrosse:North Carolina 2026		1257.57	477144		N
SPL		DEPOSIT	01/06/2026	Liability Due to Customers:American Select Lacrosse	American Select Lacrosse:North Carolina 2026		-1257.57	477144		N
ENDTRNS										
TRNS		DEPOSIT	01/06/2026	Checking	American Select Lacrosse:Pacific Northwest 2026		139.73	477131		N
SPL		DEPOSIT	01/06/2026	Liability Due to Customers:American Select Lacrosse	American Select Lacrosse:Pacific Northwest 2026		-139.73	477131		N
ENDTRNS										
TRNS		DEPOSIT	01/06/2026	Checking	American Select Lacrosse:Pennsylvania 2026		2654.87	477138		N
SPL		DEPOSIT	01/06/2026	Liability Due to Customers:American Select Lacrosse	American Select Lacrosse:Pennsylvania 2026		-2654.87	477138		N
ENDTRNS										
TRNS		DEPOSIT	01/06/2026	Checking	American Select Lacrosse:SoCal 2026		139.73	477130		N
SPL		DEPOSIT	01/06/2026	Liability Due to Customers:American Select Lacrosse	American Select Lacrosse:SoCal 2026		-139.73	477130		N
ENDTRNS										
TRNS		DEPOSIT	01/06/2026	Checking	Compass Noreaster Lacrosse:Ghost Games 2026		13455.00	477105		N
SPL		DEPOSIT	01/06/2026	Liability Due to Customers:Compass Noreaster Lacrosse	Compass Noreaster Lacrosse:Ghost Games 2026		-13455.00	477105		N
ENDTRNS										
TRNS		DEPOSIT	01/06/2026	Checking	Hero's Lacrosse:Players 2025-2026		500.00	477093		N
SPL		DEPOSIT	01/06/2026	Liability Due to Customers:Hero's Lacrosse	Hero's Lacrosse:Players 2025-2026		-500.00	477093		N
ENDTRNS										
TRNS		DEPOSIT	01/06/2026	Checking	Jr Pioneer Basketball:Spring Training 2026		309.47	477107		N
SPL		DEPOSIT	01/06/2026	Liability Due to Customers:Jr Pioneer Basketball	Jr Pioneer Basketball:Spring Training 2026		-309.47	477107		N
ENDTRNS										
TRNS		DEPOSIT	01/06/2026	Checking	Lax For The Cure:Summer 2026		5278.50	477126		N
SPL		DEPOSIT	01/06/2026	Liability Due to Customers:Lax For The Cure	Lax For The Cure:Summer 2026		-5278.50	477126		N
ENDTRNS										
TRNS		DEPOSIT	01/06/2026	Checking	LI Yellow Jackets:Clinics and Leagues 2025-2026		569.26	477106		N
SPL		DEPOSIT	01/06/2026	Liability Due to Customers:LI Yellow Jackets	LI Yellow Jackets:Clinics and Leagues 2025-2026		-569.26	477106		N
ENDTRNS										
TRNS		DEPOSIT	01/06/2026	Checking	LI Yellow Jackets:Players 2026		828.00	477206		N
SPL		DEPOSIT	01/06/2026	Liability Due to Customers:LI Yellow Jackets	LI Yellow Jackets:Players 2026		-828.00	477206		N
ENDTRNS										
TRNS		DEPOSIT	01/06/2026	Checking	Premier Lacrosse:Camps and Clinics 2026		2998.43	477142		N
SPL		DEPOSIT	01/06/2026	Liability Due to Customers:Premier Lacrosse	Premier Lacrosse:Camps and Clinics 2026		-2998.43	477142		N
ENDTRNS										
TRNS		DEPOSIT	01/06/2026	Checking	StateOne Lacrosse:Camps and Clinics 2026		641.72	477047		N
SPL		DEPOSIT	01/06/2026	Liability Due to Customers:StateOne Lacrosse	StateOne Lacrosse:Camps and Clinics 2026		-641.72	477047		N
ENDTRNS										
TRNS		DEPOSIT	01/06/2026	Checking	STEPS Lacrosse:Girls Elite Players 2025-2026		1380.00	477209		N
SPL		DEPOSIT	01/06/2026	Liability Due to Customers:STEPS Lacrosse	STEPS Lacrosse:Girls Elite Players 2025-2026		-1380.00	477209		N
ENDTRNS										
TRNS		DEPOSIT	01/06/2026	Checking	STEPS Lacrosse:Winter Training Programs 2026		1366.20	477127		N
SPL		DEPOSIT	01/06/2026	Liability Due to Customers:STEPS Lacrosse	STEPS Lacrosse:Winter Training Programs 2026		-1366.20	477127		N
ENDTRNS										
TRNS		DEPOSIT	01/06/2026	Checking	The Players Series:Girls Summer Showcase 2026		1231.66	477096		N
SPL		DEPOSIT	01/06/2026	Liability Due to Customers:The Players Series	The Players Series:Girls Summer Showcase 2026		-1231.66	477096		N
ENDTRNS										
TRNS		DEPOSIT	01/06/2026	Checking	UM:Maryland Lacrosse Camps Summer 2026		5666.64	477147		N
SPL		DEPOSIT	01/06/2026	Liability Due to Customers:UM	UM:Maryland Lacrosse Camps Summer 2026		-5666.64	477147		N
ENDTRNS										
TRNS		DEPOSIT	01/06/2026	Checking	UM:Winter Clinics 2026		1086.75	477036		N
SPL		DEPOSIT	01/06/2026	Liability Due to Customers:UM	UM:Winter Clinics 2026		-1086.75	477036		N
ENDTRNS										
TRNS		DEPOSIT	01/06/2026	Checking	Yellow Jackets Dutchess:Players 2025-2026		590.00	477207		N
SPL		DEPOSIT	01/06/2026	Liability Due to Customers:Yellow Jackets Dutchess	Yellow Jackets Dutchess:Players 2025-2026		-590.00	477207		N
ENDTRNS										
TRNS		DEPOSIT	01/06/2026	Checking	Yellow Jackets South:Camps and Clinics 2026		388.15	477136		N
SPL		DEPOSIT	01/06/2026	Liability Due to Customers:Yellow Jackets South	Yellow Jackets South:Camps and Clinics 2026		-388.15	477136		N
ENDTRNS										
TRNS		DEPOSIT	01/07/2026	Checking	All American Aim:Camps and Clinics 2026		331.20	477199		N
SPL		DEPOSIT	01/07/2026	Liability Due to Customers:All American Aim	All American Aim:Camps and Clinics 2026		-331.20	477199		N
ENDTRNS										
TRNS		DEPOSIT	01/07/2026	Checking	American Select Lacrosse:Colorado 2026		279.46	477293		N
SPL		DEPOSIT	01/07/2026	Liability Due to Customers:American Select Lacrosse	American Select Lacrosse:Colorado 2026		-279.46	477293		N
ENDTRNS										
TRNS		DEPOSIT	01/07/2026	Checking	American Select Lacrosse:Georgia 2026		139.73	477162		N
SPL		DEPOSIT	01/07/2026	Liability Due to Customers:American Select Lacrosse	American Select Lacrosse:Georgia 2026		-139.73	477162		N
ENDTRNS										
TRNS		DEPOSIT	01/07/2026	Checking	American Select Lacrosse:INDIVIDUAL Showcase 2026		269.10	477173		N
SPL		DEPOSIT	01/07/2026	Liability Due to Customers:American Select Lacrosse	American Select Lacrosse:INDIVIDUAL Showcase 2026		-269.10	477173		N
ENDTRNS										
TRNS		DEPOSIT	01/07/2026	Checking	American Select Lacrosse:Long Island 2026		279.46	477231		N
SPL		DEPOSIT	01/07/2026	Liability Due to Customers:American Select Lacrosse	American Select Lacrosse:Long Island 2026		-279.46	477231		N
ENDTRNS										
TRNS		DEPOSIT	01/07/2026	Checking	American Select Lacrosse:Main Event 2026		13455.00	477291		N
SPL		DEPOSIT	01/07/2026	Liability Due to Customers:American Select Lacrosse	American Select Lacrosse:Main Event 2026		-13455.00	477291		N
ENDTRNS										
TRNS		DEPOSIT	01/07/2026	Checking	American Select Lacrosse:New Jersey 2026		838.38	477292		N
SPL		DEPOSIT	01/07/2026	Liability Due to Customers:American Select Lacrosse	American Select Lacrosse:New Jersey 2026		-838.38	477292		N
ENDTRNS										
TRNS		DEPOSIT	01/07/2026	Checking	American Select Lacrosse:New York-Downstate 2026		419.19	477245		N
SPL		DEPOSIT	01/07/2026	Liability Due to Customers:American Select Lacrosse	American Select Lacrosse:New York-Downstate 2026		-419.19	477245		N
ENDTRNS										
TRNS		DEPOSIT	01/07/2026	Checking	American Select Lacrosse:New York-Upstate 2026		558.92	477220		N
SPL		DEPOSIT	01/07/2026	Liability Due to Customers:American Select Lacrosse	American Select Lacrosse:New York-Upstate 2026		-558.92	477220		N
ENDTRNS										
TRNS		DEPOSIT	01/07/2026	Checking	American Select Lacrosse:NorCal 2026		279.46	477272		N
SPL		DEPOSIT	01/07/2026	Liability Due to Customers:American Select Lacrosse	American Select Lacrosse:NorCal 2026		-279.46	477272		N
ENDTRNS										
TRNS		DEPOSIT	01/07/2026	Checking	American Select Lacrosse:North Carolina 2026		139.73	477188		N
SPL		DEPOSIT	01/07/2026	Liability Due to Customers:American Select Lacrosse	American Select Lacrosse:North Carolina 2026		-139.73	477188		N
ENDTRNS										
TRNS		DEPOSIT	01/07/2026	Checking	American Select Lacrosse:Pennsylvania 2026		1956.22	477289		N
SPL		DEPOSIT	01/07/2026	Liability Due to Customers:American Select Lacrosse	American Select Lacrosse:Pennsylvania 2026		-1956.22	477289		N
ENDTRNS										
TRNS		DEPOSIT	01/07/2026	Checking	American Select Lacrosse:SoCal 2026		139.73	477294		N
SPL		DEPOSIT	01/07/2026	Liability Due to Customers:American Select Lacrosse	American Select Lacrosse:SoCal 2026		-139.73	477294		N
ENDTRNS										
TRNS		DEPOSIT	01/07/2026	Checking	Compass Noreaster Lacrosse:Ghost Games 2026		4657.50	477257		N
SPL		DEPOSIT	01/07/2026	Liability Due to Customers:Compass Noreaster Lacrosse	Compass Noreaster Lacrosse:Ghost Games 2026		-4657.50	477257		N
ENDTRNS										
TRNS		DEPOSIT	01/07/2026	Checking	G8:Summer 2026		5175.00	477178		N
SPL		DEPOSIT	01/07/2026	Liability Due to Customers:G8	G8:Summer 2026		-5175.00	477178		N
ENDTRNS										
TRNS		DEPOSIT	01/07/2026	Checking	Hero's Lacrosse:Players 2025-2026		450.00	477281		N
SPL		DEPOSIT	01/07/2026	Liability Due to Customers:Hero's Lacrosse	Hero's Lacrosse:Players 2025-2026		-450.00	477281		N
ENDTRNS										
TRNS		DEPOSIT	01/07/2026	Checking	Lax By The Sea:Summer 2026		6727.50	477168		N
SPL		DEPOSIT	01/07/2026	Liability Due to Customers:Lax By The Sea	Lax By The Sea:Summer 2026		-6727.50	477168		N
ENDTRNS										
TRNS		DEPOSIT	01/07/2026	Checking	LI Yellow Jackets:Clinics and Leagues 2025-2026		414.00	477233		N
SPL		DEPOSIT	01/07/2026	Liability Due to Customers:LI Yellow Jackets	LI Yellow Jackets:Clinics and Leagues 2025-2026		-414.00	477233		N
ENDTRNS										
TRNS		DEPOSIT	01/07/2026	Checking	Live Love Lax:Girls Summer 2026		6831.00	477224		N
SPL		DEPOSIT	01/07/2026	Liability Due to Customers:Live Love Lax	Live Love Lax:Girls Summer 2026		-6831.00	477224		N
ENDTRNS										
TRNS		DEPOSIT	01/07/2026	Checking	Maryland Cup:Summer Showcase 2026		5485.50	477180		N
SPL		DEPOSIT	01/07/2026	Liability Due to Customers:Maryland Cup	Maryland Cup:Summer Showcase 2026		-5485.50	477180		N
ENDTRNS										
TRNS		DEPOSIT	01/07/2026	Checking	StateOne Lacrosse:Camps and Clinics 2026		962.58	477259		N
SPL		DEPOSIT	01/07/2026	Liability Due to Customers:StateOne Lacrosse	StateOne Lacrosse:Camps and Clinics 2026		-962.58	477259		N
ENDTRNS										
TRNS		DEPOSIT	01/07/2026	Checking	STEPS Lacrosse California:Girls Elite Players 2025-2026		468.75	477338		N
SPL		DEPOSIT	01/07/2026	Liability Due to Customers:STEPS Lacrosse California	STEPS Lacrosse California:Girls Elite Players 2025-2026		-468.75	477338		N
ENDTRNS										
TRNS		DEPOSIT	01/07/2026	Checking	STEPS Lacrosse:Girls Elite Players 2025-2026		430.00	477339		N
SPL		DEPOSIT	01/07/2026	Liability Due to Customers:STEPS Lacrosse	STEPS Lacrosse:Girls Elite Players 2025-2026		-430.00	477339		N
ENDTRNS										
TRNS		DEPOSIT	01/07/2026	Checking	STEPS Lacrosse:Winter Training Programs 2026		207.00	477260		N
SPL		DEPOSIT	01/07/2026	Liability Due to Customers:STEPS Lacrosse	STEPS Lacrosse:Winter Training Programs 2026		-207.00	477260		N
ENDTRNS										
TRNS		DEPOSIT	01/07/2026	Checking	The Players Series:Girls Summer Showcase 2026		1231.66	477286		N
SPL		DEPOSIT	01/07/2026	Liability Due to Customers:The Players Series	The Players Series:Girls Summer Showcase 2026		-1231.66	477286		N
ENDTRNS										
TRNS		DEPOSIT	01/07/2026	Checking	UM:Independent Club Playday 2026		2328.75	477150		N
SPL		DEPOSIT	01/07/2026	Liability Due to Customers:UM	UM:Independent Club Playday 2026		-2328.75	477150		N
ENDTRNS										
TRNS		DEPOSIT	01/07/2026	Checking	UM:Maryland Lacrosse Camps Summer 2026		5045.64	477284		N
SPL		DEPOSIT	01/07/2026	Liability Due to Customers:UM	UM:Maryland Lacrosse Camps Summer 2026		-5045.64	477284		N
ENDTRNS										
TRNS		DEPOSIT	01/07/2026	Checking	UM:Player Clinic 2026		155.25	477275		N
SPL		DEPOSIT	01/07/2026	Liability Due to Customers:UM	UM:Player Clinic 2026		-155.25	477275		N
ENDTRNS										
TRNS		DEPOSIT	01/07/2026	Checking	UM:Winter Clinics 2026		465.75	477290		N
SPL		DEPOSIT	01/07/2026	Liability Due to Customers:UM	UM:Winter Clinics 2026		-465.75	477290		N
ENDTRNS										
TRNS		DEPOSIT	01/07/2026	Checking	Yellow Jackets Mid-Atlantic:Camps and Clinics 2025-2026		77.63	477243		N
SPL		DEPOSIT	01/07/2026	Liability Due to Customers:Yellow Jackets Mid-Atlantic	Yellow Jackets Mid-Atlantic:Camps and Clinics 2025-2026		-77.63	477243		N
ENDTRNS										
TRNS		DEPOSIT	01/07/2026	Checking	Yellow Jackets South:Camps and Clinics 2026		77.63	477197		N
SPL		DEPOSIT	01/07/2026	Liability Due to Customers:Yellow Jackets South	Yellow Jackets South:Camps and Clinics 2026		-77.63	477197		N
ENDTRNS										
TRNS		DEPOSIT	01/08/2026	Checking	All American Aim:Camps and Clinics 2026		993.60	477467		N
SPL		DEPOSIT	01/08/2026	Liability Due to Customers:All American Aim	All American Aim:Camps and Clinics 2026		-993.60	477467		N
ENDTRNS										
TRNS		DEPOSIT	01/08/2026	Checking	All American Aim:Players 2025-2026		1530.00	477573		N
SPL		DEPOSIT	01/08/2026	Liability Due to Customers:All American Aim	All American Aim:Players 2025-2026		-1530.00	477573		N
ENDTRNS										
TRNS		DEPOSIT	01/08/2026	Checking	American Select Lacrosse:Colorado 2026		838.38	477521		N
SPL		DEPOSIT	01/08/2026	Liability Due to Customers:American Select Lacrosse	American Select Lacrosse:Colorado 2026		-838.38	477521		N
ENDTRNS										
TRNS		DEPOSIT	01/08/2026	Checking	American Select Lacrosse:Georgia 2026		139.73	477460		N
SPL		DEPOSIT	01/08/2026	Liability Due to Customers:American Select Lacrosse	American Select Lacrosse:Georgia 2026		-139.73	477460		N
ENDTRNS										
TRNS		DEPOSIT	01/08/2026	Checking	American Select Lacrosse:INDIVIDUAL Showcase 2026		538.20	477349		N
SPL		DEPOSIT	01/08/2026	Liability Due to Customers:American Select Lacrosse	American Select Lacrosse:INDIVIDUAL Showcase 2026		-538.20	477349		N
ENDTRNS										
TRNS		DEPOSIT	01/08/2026	Checking	American Select Lacrosse:Long Island 2026		139.73	477497		N
SPL		DEPOSIT	01/08/2026	Liability Due to Customers:American Select Lacrosse	American Select Lacrosse:Long Island 2026		-139.73	477497		N
ENDTRNS										
TRNS		DEPOSIT	01/08/2026	Checking	American Select Lacrosse:Main Event 2026		5382.00	477487		N
SPL		DEPOSIT	01/08/2026	Liability Due to Customers:American Select Lacrosse	American Select Lacrosse:Main Event 2026		-5382.00	477487		N
ENDTRNS										
TRNS		DEPOSIT	01/08/2026	Checking	American Select Lacrosse:Maryland 2026		419.19	477489		N
SPL		DEPOSIT	01/08/2026	Liability Due to Customers:American Select Lacrosse	American Select Lacrosse:Maryland 2026		-419.19	477489		N
ENDTRNS										
TRNS		DEPOSIT	01/08/2026	Checking	American Select Lacrosse:New Jersey 2026		1257.57	477525		N
SPL		DEPOSIT	01/08/2026	Liability Due to Customers:American Select Lacrosse	American Select Lacrosse:New Jersey 2026		-1257.57	477525		N
ENDTRNS										
TRNS		DEPOSIT	01/08/2026	Checking	American Select Lacrosse:New York-Upstate 2026		558.92	477484		N
SPL		DEPOSIT	01/08/2026	Liability Due to Customers:American Select Lacrosse	American Select Lacrosse:New York-Upstate 2026		-558.92	477484		N
ENDTRNS										
TRNS		DEPOSIT	01/08/2026	Checking	American Select Lacrosse:NorCal 2026		139.73	477522		N
SPL		DEPOSIT	01/08/2026	Liability Due to Customers:American Select Lacrosse	American Select Lacrosse:NorCal 2026		-139.73	477522		N
ENDTRNS										
TRNS		DEPOSIT	01/08/2026	Checking	American Select Lacrosse:North Carolina 2026		419.19	477509		N
SPL		DEPOSIT	01/08/2026	Liability Due to Customers:American Select Lacrosse	American Select Lacrosse:North Carolina 2026		-419.19	477509		N
ENDTRNS										
TRNS		DEPOSIT	01/08/2026	Checking	American Select Lacrosse:North East 2026		139.73	477506		N
SPL		DEPOSIT	01/08/2026	Liability Due to Customers:American Select Lacrosse	American Select Lacrosse:North East 2026		-139.73	477506		N
ENDTRNS										
TRNS		DEPOSIT	01/08/2026	Checking	American Select Lacrosse:Pacific Northwest 2026		279.46	477523		N
SPL		DEPOSIT	01/08/2026	Liability Due to Customers:American Select Lacrosse	American Select Lacrosse:Pacific Northwest 2026		-279.46	477523		N
ENDTRNS										
TRNS		DEPOSIT	01/08/2026	Checking	American Select Lacrosse:Pennsylvania 2026		838.38	477479		N
SPL		DEPOSIT	01/08/2026	Liability Due to Customers:American Select Lacrosse	American Select Lacrosse:Pennsylvania 2026		-838.38	477479		N
ENDTRNS										
TRNS		DEPOSIT	01/08/2026	Checking	Compass Noreaster Lacrosse:Ghost Games 2026		4140.00	477519		N
SPL		DEPOSIT	01/08/2026	Liability Due to Customers:Compass Noreaster Lacrosse	Compass Noreaster Lacrosse:Ghost Games 2026		-4140.00	477519		N
ENDTRNS										
TRNS		DEPOSIT	01/08/2026	Checking	Lax For The Cure:Individual Showcase 2026		284.63	477463		N
SPL		DEPOSIT	01/08/2026	Liability Due to Customers:Lax For The Cure	Lax For The Cure:Individual Showcase 2026		-284.63	477463		N
ENDTRNS										
TRNS		DEPOSIT	01/08/2026	Checking	LI Yellow Jackets:Clinics and Leagues 2025-2026		284.63	477461		N
SPL		DEPOSIT	01/08/2026	Liability Due to Customers:LI Yellow Jackets	LI Yellow Jackets:Clinics and Leagues 2025-2026		-284.63	477461		N
ENDTRNS										
TRNS		DEPOSIT	01/08/2026	Checking	LI Yellow Jackets:Players 2026		828.00	477567		N
SPL		DEPOSIT	01/08/2026	Liability Due to Customers:LI Yellow Jackets	LI Yellow Jackets:Players 2026		-828.00	477567		N
ENDTRNS										
TRNS		DEPOSIT	01/08/2026	Checking	Live Love Lax:Girls Summer 2026		3415.50	477475		N
SPL		DEPOSIT	01/08/2026	Liability Due to Customers:Live Love Lax	Live Love Lax:Girls Summer 2026		-3415.50	477475		N
ENDTRNS										
TRNS		DEPOSIT	01/08/2026	Checking	StateOne Lacrosse:Camps and Clinics 2026		320.86	477498		N
SPL		DEPOSIT	01/08/2026	Liability Due to Customers:StateOne Lacrosse	StateOne Lacrosse:Camps and Clinics 2026		-320.86	477498		N
ENDTRNS										
TRNS		DEPOSIT	01/08/2026	Checking	STEPS Lacrosse California:Girls Elite Players 2025-2026		1041.67	477571		N
SPL		DEPOSIT	01/08/2026	Liability Due to Customers:STEPS Lacrosse California	STEPS Lacrosse California:Girls Elite Players 2025-2026		-1041.67	477571		N
ENDTRNS										
TRNS		DEPOSIT	01/08/2026	Checking	STEPS Lacrosse:Boys Elite Tryouts 2026-2027		77.63	477470		N
SPL		DEPOSIT	01/08/2026	Liability Due to Customers:STEPS Lacrosse	STEPS Lacrosse:Boys Elite Tryouts 2026-2027		-77.63	477470		N
ENDTRNS										
TRNS		DEPOSIT	01/08/2026	Checking	STEPS Lacrosse:Girls Elite Tryouts 2026-2027		93.15	477471		N
SPL		DEPOSIT	01/08/2026	Liability Due to Customers:STEPS Lacrosse	STEPS Lacrosse:Girls Elite Tryouts 2026-2027		-93.15	477471		N
ENDTRNS										
TRNS		DEPOSIT	01/08/2026	Checking	STEPS Lacrosse:Summer Programs 2026		1138.52	477483		N
SPL		DEPOSIT	01/08/2026	Liability Due to Customers:STEPS Lacrosse	STEPS Lacrosse:Summer Programs 2026		-1138.52	477483		N
ENDTRNS										
TRNS		DEPOSIT	01/08/2026	Checking	STEPS Lacrosse:Winter Training Programs 2026		207.00	477462		N
SPL		DEPOSIT	01/08/2026	Liability Due to Customers:STEPS Lacrosse	STEPS Lacrosse:Winter Training Programs 2026		-207.00	477462		N
ENDTRNS										
TRNS		DEPOSIT	01/08/2026	Checking	The Players Series:Girls Summer Showcase 2026		1231.66	477318		N
SPL		DEPOSIT	01/08/2026	Liability Due to Customers:The Players Series	The Players Series:Girls Summer Showcase 2026		-1231.66	477318		N
ENDTRNS										
TRNS		DEPOSIT	01/08/2026	Checking	UM:Independent Club Playday 2026		776.25	477504		N
SPL		DEPOSIT	01/08/2026	Liability Due to Customers:UM	UM:Independent Club Playday 2026		-776.25	477504		N
ENDTRNS										
TRNS		DEPOSIT	01/08/2026	Checking	UM:Maryland Lacrosse Camps Summer 2026		5226.76	477510		N
SPL		DEPOSIT	01/08/2026	Liability Due to Customers:UM	UM:Maryland Lacrosse Camps Summer 2026		-5226.76	477510		N
ENDTRNS										
TRNS		DEPOSIT	01/08/2026	Checking	UM:Player Clinic 2026		155.25	477350		N
SPL		DEPOSIT	01/08/2026	Liability Due to Customers:UM	UM:Player Clinic 2026		-155.25	477350		N
ENDTRNS										
TRNS		DEPOSIT	01/08/2026	Checking	UM:Winter Clinics 2026		1086.75	477346		N
SPL		DEPOSIT	01/08/2026	Liability Due to Customers:UM	UM:Winter Clinics 2026		-1086.75	477346		N
ENDTRNS										
TRNS		DEPOSIT	01/08/2026	Checking	Yellow Jackets North:Players 2025-2026		1550.00	477569		N
SPL		DEPOSIT	01/08/2026	Liability Due to Customers:Yellow Jackets North	Yellow Jackets North:Players 2025-2026		-1550.00	477569		N
ENDTRNS										
TRNS		DEPOSIT	01/08/2026	Checking	Yellow Jackets North:Tryouts 2026-2027		1081.63	477496		N
SPL		DEPOSIT	01/08/2026	Liability Due to Customers:Yellow Jackets North	Yellow Jackets North:Tryouts 2026-2027		-1081.63	477496		N
ENDTRNS										
TRNS		DEPOSIT	01/08/2026	Checking	Yellow Jackets South:Camps and Clinics 2026		672.77	477511		N
SPL		DEPOSIT	01/08/2026	Liability Due to Customers:Yellow Jackets South	Yellow Jackets South:Camps and Clinics 2026		-672.77	477511		N
ENDTRNS										
TRNS		DEPOSIT	01/08/2026	Checking	Yellow Jackets South:Players 2025-2026		1550.00	477499		N
SPL		DEPOSIT	01/08/2026	Liability Due to Customers:Yellow Jackets South	Yellow Jackets South:Players 2025-2026		-1550.00	477499		N
ENDTRNS										
TRNS		DEPOSIT	01/09/2026	Checking	All American Aim:Players 2025-2026		1944.00	477704		N
SPL		DEPOSIT	01/09/2026	Liability Due to Customers:All American Aim	All American Aim:Players 2025-2026		-1944.00	477704		N
ENDTRNS										
TRNS		DEPOSIT	01/09/2026	Checking	American Select Lacrosse:Colorado 2026		1397.30	477677		N
SPL		DEPOSIT	01/09/2026	Liability Due to Customers:American Select Lacrosse	American Select Lacrosse:Colorado 2026		-1397.30	477677		N
ENDTRNS										
TRNS		DEPOSIT	01/09/2026	Checking	American Select Lacrosse:Georgia 2026		139.73	477628		N
SPL		DEPOSIT	01/09/2026	Liability Due to Customers:American Select Lacrosse	American Select Lacrosse:Georgia 2026		-139.73	477628		N
ENDTRNS										
TRNS		DEPOSIT	01/09/2026	Checking	American Select Lacrosse:INDIVIDUAL Showcase 2026		807.30	477595		N
SPL		DEPOSIT	01/09/2026	Liability Due to Customers:American Select Lacrosse	American Select Lacrosse:INDIVIDUAL Showcase 2026		-807.30	477595		N
ENDTRNS										
TRNS		DEPOSIT	01/09/2026	Checking	American Select Lacrosse:New Jersey 2026		698.65	477664		N
SPL		DEPOSIT	01/09/2026	Liability Due to Customers:American Select Lacrosse	American Select Lacrosse:New Jersey 2026		-698.65	477664		N
ENDTRNS										
TRNS		DEPOSIT	01/09/2026	Checking	American Select Lacrosse:New York-Upstate 2026		419.19	477555		N
SPL		DEPOSIT	01/09/2026	Liability Due to Customers:American Select Lacrosse	American Select Lacrosse:New York-Upstate 2026		-419.19	477555		N
ENDTRNS										
TRNS		DEPOSIT	01/09/2026	Checking	American Select Lacrosse:North Carolina 2026		139.73	477586		N
SPL		DEPOSIT	01/09/2026	Liability Due to Customers:American Select Lacrosse	American Select Lacrosse:North Carolina 2026		-139.73	477586		N
ENDTRNS										
TRNS		DEPOSIT	01/09/2026	Checking	American Select Lacrosse:North East 2026		279.46	477614		N
SPL		DEPOSIT	01/09/2026	Liability Due to Customers:American Select Lacrosse	American Select Lacrosse:North East 2026		-279.46	477614		N
ENDTRNS										
TRNS		DEPOSIT	01/09/2026	Checking	American Select Lacrosse:Pacific Northwest 2026		139.73	477593		N
SPL		DEPOSIT	01/09/2026	Liability Due to Customers:American Select Lacrosse	American Select Lacrosse:Pacific Northwest 2026		-139.73	477593		N
ENDTRNS										
TRNS		DEPOSIT	01/09/2026	Checking	American Select Lacrosse:Pennsylvania 2026		279.46	477615		N
SPL		DEPOSIT	01/09/2026	Liability Due to Customers:American Select Lacrosse	American Select Lacrosse:Pennsylvania 2026		-279.46	477615		N
ENDTRNS										
TRNS		DEPOSIT	01/09/2026	Checking	D3 Lacrosse:Girls Summer Showcase 2026		388.13	477585		N
SPL		DEPOSIT	01/09/2026	Liability Due to Customers:D3 Lacrosse	D3 Lacrosse:Girls Summer Showcase 2026		-388.13	477585		N
ENDTRNS										
TRNS		DEPOSIT	01/09/2026	Checking	Hero's Lacrosse:Players 2025-2026		250.00	477699		N
SPL		DEPOSIT	01/09/2026	Liability Due to Customers:Hero's Lacrosse	Hero's Lacrosse:Players 2025-2026		-250.00	477699		N
ENDTRNS										
TRNS		DEPOSIT	01/09/2026	Checking	Jr Pioneer Basketball:Spring Training 2026		309.47	477667		N
SPL		DEPOSIT	01/09/2026	Liability Due to Customers:Jr Pioneer Basketball	Jr Pioneer Basketball:Spring Training 2026		-309.47	477667		N
ENDTRNS										
TRNS		DEPOSIT	01/09/2026	Checking	Lax By The Sea:Summer 2026		1759.50	477603		N
SPL		DEPOSIT	01/09/2026	Liability Due to Customers:Lax By The Sea	Lax By The Sea:Summer 2026		-1759.50	477603		N
ENDTRNS										
TRNS		DEPOSIT	01/09/2026	Checking	Lax For The Cure:Fall Showcase 2026		9832.50	477653		N
SPL		DEPOSIT	01/09/2026	Liability Due to Customers:Lax For The Cure	Lax For The Cure:Fall Showcase 2026		-9832.50	477653		N
ENDTRNS										
TRNS		DEPOSIT	01/09/2026	Checking	LI Yellow Jackets:Clinics and Leagues 2025-2026		610.66	477602		N
SPL		DEPOSIT	01/09/2026	Liability Due to Customers:LI Yellow Jackets	LI Yellow Jackets:Clinics and Leagues 2025-2026		-610.66	477602		N
ENDTRNS										
TRNS		DEPOSIT	01/09/2026	Checking	Live Love Lax:Girls Fall Festival 2026		414.00	477596		N
SPL		DEPOSIT	01/09/2026	Liability Due to Customers:Live Love Lax	Live Love Lax:Girls Fall Festival 2026		-414.00	477596		N
ENDTRNS										
TRNS		DEPOSIT	01/09/2026	Checking	Live Love Lax:Girls Summer 2026		2173.50	477605		N
SPL		DEPOSIT	01/09/2026	Liability Due to Customers:Live Love Lax	Live Love Lax:Girls Summer 2026		-2173.50	477605		N
ENDTRNS										
TRNS		DEPOSIT	01/09/2026	Checking	Premier Lacrosse:Camps and Clinics 2026		412.97	477529		N
SPL		DEPOSIT	01/09/2026	Liability Due to Customers:Premier Lacrosse	Premier Lacrosse:Camps and Clinics 2026		-412.97	477529		N
ENDTRNS										
TRNS		DEPOSIT	01/09/2026	Checking	StateOne Lacrosse:Camps and Clinics 2026		641.72	477671		N
SPL		DEPOSIT	01/09/2026	Liability Due to Customers:StateOne Lacrosse	StateOne Lacrosse:Camps and Clinics 2026		-641.72	477671		N
ENDTRNS										
TRNS		DEPOSIT	01/09/2026	Checking	STEPS Lacrosse California:Girls Elite Players 2025-2026		720.00	477526		N
SPL		DEPOSIT	01/09/2026	Liability Due to Customers:STEPS Lacrosse California	STEPS Lacrosse California:Girls Elite Players 2025-2026		-720.00	477526		N
ENDTRNS										
TRNS		DEPOSIT	01/09/2026	Checking	STEPS Lacrosse:Boys Elite Tryouts 2026-2027		310.52	477670		N
SPL		DEPOSIT	01/09/2026	Liability Due to Customers:STEPS Lacrosse	STEPS Lacrosse:Boys Elite Tryouts 2026-2027		-310.52	477670		N
ENDTRNS										
TRNS		DEPOSIT	01/09/2026	Checking	STEPS Lacrosse:Girls Elite Tryouts 2026-2027		1956.15	477674		N
SPL		DEPOSIT	01/09/2026	Liability Due to Customers:STEPS Lacrosse	STEPS Lacrosse:Girls Elite Tryouts 2026-2027		-1956.15	477674		N
ENDTRNS										
TRNS		DEPOSIT	01/09/2026	Checking	STEPS Lacrosse:Summer Programs 2026		3700.19	477675		N
SPL		DEPOSIT	01/09/2026	Liability Due to Customers:STEPS Lacrosse	STEPS Lacrosse:Summer Programs 2026		-3700.19	477675		N
ENDTRNS										
TRNS		DEPOSIT	01/09/2026	Checking	STEPS Lacrosse:Winter Training Programs 2026		828.00	477669		N
SPL		DEPOSIT	01/09/2026	Liability Due to Customers:STEPS Lacrosse	STEPS Lacrosse:Winter Training Programs 2026		-828.00	477669		N
ENDTRNS										
TRNS		DEPOSIT	01/09/2026	Checking	UM:Maryland Lacrosse Camps Summer 2026		3803.64	477645		N
SPL		DEPOSIT	01/09/2026	Liability Due to Customers:UM	UM:Maryland Lacrosse Camps Summer 2026		-3803.64	477645		N
ENDTRNS										
TRNS		DEPOSIT	01/09/2026	Checking	UM:Winter Clinics 2026		621.00	477651		N
SPL		DEPOSIT	01/09/2026	Liability Due to Customers:UM	UM:Winter Clinics 2026		-621.00	477651		N
ENDTRNS										
TRNS		DEPOSIT	01/09/2026	Checking	Yellow Jackets North:Players 2025-2026		930.00	477700		N
SPL		DEPOSIT	01/09/2026	Liability Due to Customers:Yellow Jackets North	Yellow Jackets North:Players 2025-2026		-930.00	477700		N
ENDTRNS										
TRNS		DEPOSIT	01/09/2026	Checking	Yellow Jackets South:Camps and Clinics 2026		362.25	477646		N
SPL		DEPOSIT	01/09/2026	Liability Due to Customers:Yellow Jackets South	Yellow Jackets South:Camps and Clinics 2026		-362.25	477646		N
ENDTRNS										
TRNS		DEPOSIT	01/09/2026	Checking	Yellow Jackets South:Players 2025-2026		1335.00	477538		N
SPL		DEPOSIT	01/09/2026	Liability Due to Customers:Yellow Jackets South	Yellow Jackets South:Players 2025-2026		-1335.00	477538		N
ENDTRNS										
TRNS		DEPOSIT	01/10/2026	Checking	All American Aim:Players 2025-2026		960.00	477812		N
SPL		DEPOSIT	01/10/2026	Liability Due to Customers:All American Aim	All American Aim:Players 2025-2026		-960.00	477812		N
ENDTRNS										
TRNS		DEPOSIT	01/10/2026	Checking	American Select Lacrosse:Colorado 2026		279.46	477726		N
SPL		DEPOSIT	01/10/2026	Liability Due to Customers:American Select Lacrosse	American Select Lacrosse:Colorado 2026		-279.46	477726		N
ENDTRNS										
TRNS		DEPOSIT	01/10/2026	Checking	American Select Lacrosse:Long Island 2026		419.19	477752		N
SPL		DEPOSIT	01/10/2026	Liability Due to Customers:American Select Lacrosse	American Select Lacrosse:Long Island 2026		-419.19	477752		N
ENDTRNS										
TRNS		DEPOSIT	01/10/2026	Checking	American Select Lacrosse:Main Event 2026		672.75	477705		N
SPL		DEPOSIT	01/10/2026	Liability Due to Customers:American Select Lacrosse	American Select Lacrosse:Main Event 2026		-672.75	477705		N
ENDTRNS										
TRNS		DEPOSIT	01/10/2026	Checking	American Select Lacrosse:New Jersey 2026		279.46	477746		N
SPL		DEPOSIT	01/10/2026	Liability Due to Customers:American Select Lacrosse	American Select Lacrosse:New Jersey 2026		-279.46	477746		N
ENDTRNS										
TRNS		DEPOSIT	01/10/2026	Checking	American Select Lacrosse:New York-Downstate 2026		279.46	477745		N
SPL		DEPOSIT	01/10/2026	Liability Due to Customers:American Select Lacrosse	American Select Lacrosse:New York-Downstate 2026		-279.46	477745		N
ENDTRNS										
TRNS		DEPOSIT	01/10/2026	Checking	American Select Lacrosse:New York-Upstate 2026		279.46	477744		N
SPL		DEPOSIT	01/10/2026	Liability Due to Customers:American Select Lacrosse	American Select Lacrosse:New York-Upstate 2026		-279.46	477744		N
ENDTRNS										
TRNS		DEPOSIT	01/10/2026	Checking	American Select Lacrosse:NorCal 2026		139.73	477755		N
SPL		DEPOSIT	01/10/2026	Liability Due to Customers:American Select Lacrosse	American Select Lacrosse:NorCal 2026		-139.73	477755		N
ENDTRNS										
TRNS		DEPOSIT	01/10/2026	Checking	American Select Lacrosse:North East 2026		139.73	477728		N
SPL		DEPOSIT	01/10/2026	Liability Due to Customers:American Select Lacrosse	American Select Lacrosse:North East 2026		-139.73	477728		N
ENDTRNS										
TRNS		DEPOSIT	01/10/2026	Checking	American Select Lacrosse:Pennsylvania 2026		698.65	477753		N
SPL		DEPOSIT	01/10/2026	Liability Due to Customers:American Select Lacrosse	American Select Lacrosse:Pennsylvania 2026		-698.65	477753		N
ENDTRNS										
TRNS		DEPOSIT	01/10/2026	Checking	D3 Lacrosse:Girls Summer Showcase (Maryland) 2026		776.26	477750		N
SPL		DEPOSIT	01/10/2026	Liability Due to Customers:D3 Lacrosse	D3 Lacrosse:Girls Summer Showcase (Maryland) 2026		-776.26	477750		N
ENDTRNS										
TRNS		DEPOSIT	01/10/2026	Checking	LI Yellow Jackets:Clinics and Leagues 2025-2026		1179.92	477722		N
SPL		DEPOSIT	01/10/2026	Liability Due to Customers:LI Yellow Jackets	LI Yellow Jackets:Clinics and Leagues 2025-2026		-1179.92	477722		N
ENDTRNS										
TRNS		DEPOSIT	01/10/2026	Checking	StateOne Lacrosse:Camps and Clinics 2026		160.43	477731		N
SPL		DEPOSIT	01/10/2026	Liability Due to Customers:StateOne Lacrosse	StateOne Lacrosse:Camps and Clinics 2026		-160.43	477731		N
ENDTRNS										
TRNS		DEPOSIT	01/10/2026	Checking	STEPS Lacrosse:Boys Elite Players 2025-2026		5490.00	477811		N
SPL		DEPOSIT	01/10/2026	Liability Due to Customers:STEPS Lacrosse	STEPS Lacrosse:Boys Elite Players 2025-2026		-5490.00	477811		N
ENDTRNS										
TRNS		DEPOSIT	01/10/2026	Checking	STEPS Lacrosse:Boys Elite Tryouts 2026-2027		77.63	477678		N
SPL		DEPOSIT	01/10/2026	Liability Due to Customers:STEPS Lacrosse	STEPS Lacrosse:Boys Elite Tryouts 2026-2027		-77.63	477678		N
ENDTRNS										
TRNS		DEPOSIT	01/10/2026	Checking	STEPS Lacrosse:Girls Elite Tryouts 2026-2027		745.20	477743		N
SPL		DEPOSIT	01/10/2026	Liability Due to Customers:STEPS Lacrosse	STEPS Lacrosse:Girls Elite Tryouts 2026-2027		-745.20	477743		N
ENDTRNS										
TRNS		DEPOSIT	01/10/2026	Checking	STEPS Lacrosse:Summer Programs 2026		853.89	477742		N
SPL		DEPOSIT	01/10/2026	Liability Due to Customers:STEPS Lacrosse	STEPS Lacrosse:Summer Programs 2026		-853.89	477742		N
ENDTRNS										
TRNS		DEPOSIT	01/10/2026	Checking	The Players Series:Girls Summer Showcase 2026		615.83	477690		N
SPL		DEPOSIT	01/10/2026	Liability Due to Customers:The Players Series	The Players Series:Girls Summer Showcase 2026		-615.83	477690		N
ENDTRNS										
TRNS		DEPOSIT	01/10/2026	Checking	UM:Maryland Lacrosse Camps Summer 2026		5806.37	477747		N
SPL		DEPOSIT	01/10/2026	Liability Due to Customers:UM	UM:Maryland Lacrosse Camps Summer 2026		-5806.37	477747		N
ENDTRNS										
TRNS		DEPOSIT	01/10/2026	Checking	UM:Player Clinic 2026		310.50	477749		N
SPL		DEPOSIT	01/10/2026	Liability Due to Customers:UM	UM:Player Clinic 2026		-310.50	477749		N
ENDTRNS										
TRNS		DEPOSIT	01/10/2026	Checking	UM:Winter Clinics 2026		1397.25	477757		N
SPL		DEPOSIT	01/10/2026	Liability Due to Customers:UM	UM:Winter Clinics 2026		-1397.25	477757		N
ENDTRNS										
TRNS		DEPOSIT	01/10/2026	Checking	Yellow Jackets Midwest:Players 2026		18400.00	477792		N
SPL		DEPOSIT	01/10/2026	Liability Due to Customers:Yellow Jackets Midwest	Yellow Jackets Midwest:Players 2026		-18400.00	477792		N
ENDTRNS										
TRNS		DEPOSIT	01/10/2026	Checking	Yellow Jackets North:Players 2025-2026		465.00	477793		N
SPL		DEPOSIT	01/10/2026	Liability Due to Customers:Yellow Jackets North	Yellow Jackets North:Players 2025-2026		-465.00	477793		N
ENDTRNS										
TRNS		DEPOSIT	01/11/2026	Checking	American Select Lacrosse:Colorado 2026		279.46	477848		N
SPL		DEPOSIT	01/11/2026	Liability Due to Customers:American Select Lacrosse	American Select Lacrosse:Colorado 2026		-279.46	477848		N
ENDTRNS										
TRNS		DEPOSIT	01/11/2026	Checking	American Select Lacrosse:Georgia 2026		139.73	477836		N
SPL		DEPOSIT	01/11/2026	Liability Due to Customers:American Select Lacrosse	American Select Lacrosse:Georgia 2026		-139.73	477836		N
ENDTRNS										
TRNS		DEPOSIT	01/11/2026	Checking	American Select Lacrosse:Long Island 2026		139.73	477818		N
SPL		DEPOSIT	01/11/2026	Liability Due to Customers:American Select Lacrosse	American Select Lacrosse:Long Island 2026		-139.73	477818		N
ENDTRNS										
TRNS		DEPOSIT	01/11/2026	Checking	American Select Lacrosse:New Jersey 2026		419.19	477853		N
SPL		DEPOSIT	01/11/2026	Liability Due to Customers:American Select Lacrosse	American Select Lacrosse:New Jersey 2026		-419.19	477853		N
ENDTRNS										
TRNS		DEPOSIT	01/11/2026	Checking	American Select Lacrosse:New York-Upstate 2026		838.38	477850		N
SPL		DEPOSIT	01/11/2026	Liability Due to Customers:American Select Lacrosse	American Select Lacrosse:New York-Upstate 2026		-838.38	477850		N
ENDTRNS										
TRNS		DEPOSIT	01/11/2026	Checking	American Select Lacrosse:NorCal 2026		139.73	477844		N
SPL		DEPOSIT	01/11/2026	Liability Due to Customers:American Select Lacrosse	American Select Lacrosse:NorCal 2026		-139.73	477844		N
ENDTRNS										
TRNS		DEPOSIT	01/11/2026	Checking	American Select Lacrosse:North Carolina 2026		419.19	477825		N
SPL		DEPOSIT	01/11/2026	Liability Due to Customers:American Select Lacrosse	American Select Lacrosse:North Carolina 2026		-419.19	477825		N
ENDTRNS										
TRNS		DEPOSIT	01/11/2026	Checking	American Select Lacrosse:North East 2026		279.46	477854		N
SPL		DEPOSIT	01/11/2026	Liability Due to Customers:American Select Lacrosse	American Select Lacrosse:North East 2026		-279.46	477854		N
ENDTRNS										
TRNS		DEPOSIT	01/11/2026	Checking	American Select Lacrosse:Pennsylvania 2026		139.73	477759		N
SPL		DEPOSIT	01/11/2026	Liability Due to Customers:American Select Lacrosse	American Select Lacrosse:Pennsylvania 2026		-139.73	477759		N
ENDTRNS										
TRNS		DEPOSIT	01/11/2026	Checking	Lax For The Cure:Fall Showcase 2026		517.50	477851		N
SPL		DEPOSIT	01/11/2026	Liability Due to Customers:Lax For The Cure	Lax For The Cure:Fall Showcase 2026		-517.50	477851		N
ENDTRNS										
TRNS		DEPOSIT	01/11/2026	Checking	LI Yellow Jackets:Players 2026		1242.00	477875		N
SPL		DEPOSIT	01/11/2026	Liability Due to Customers:LI Yellow Jackets	LI Yellow Jackets:Players 2026		-1242.00	477875		N
ENDTRNS										
TRNS		DEPOSIT	01/11/2026	Checking	StateOne Lacrosse:Camps and Clinics 2026		320.86	477846		N
SPL		DEPOSIT	01/11/2026	Liability Due to Customers:StateOne Lacrosse	StateOne Lacrosse:Camps and Clinics 2026		-320.86	477846		N
ENDTRNS										
TRNS		DEPOSIT	01/11/2026	Checking	STEPS Lacrosse:Boys Elite Players 2025-2026		12435.00	477907		N
SPL		DEPOSIT	01/11/2026	Liability Due to Customers:STEPS Lacrosse	STEPS Lacrosse:Boys Elite Players 2025-2026		-12435.00	477907		N
ENDTRNS										
TRNS		DEPOSIT	01/11/2026	Checking	STEPS Lacrosse:Girls Elite Tryouts 2026-2027		558.90	477845		N
SPL		DEPOSIT	01/11/2026	Liability Due to Customers:STEPS Lacrosse	STEPS Lacrosse:Girls Elite Tryouts 2026-2027		-558.90	477845		N
ENDTRNS										
TRNS		DEPOSIT	01/11/2026	Checking	STEPS Lacrosse:Summer Programs 2026		284.63	477849		N
SPL		DEPOSIT	01/11/2026	Liability Due to Customers:STEPS Lacrosse	STEPS Lacrosse:Summer Programs 2026		-284.63	477849		N
ENDTRNS										
TRNS		DEPOSIT	01/11/2026	Checking	STEPS Lacrosse:Winter Training Programs 2026		1262.70	477852		N
SPL		DEPOSIT	01/11/2026	Liability Due to Customers:STEPS Lacrosse	STEPS Lacrosse:Winter Training Programs 2026		-1262.70	477852		N
ENDTRNS										
TRNS		DEPOSIT	01/11/2026	Checking	UM:Maryland Lacrosse Camps Summer 2026		3389.64	477842		N
SPL		DEPOSIT	01/11/2026	Liability Due to Customers:UM	UM:Maryland Lacrosse Camps Summer 2026		-3389.64	477842		N
ENDTRNS										
TRNS		DEPOSIT	01/11/2026	Checking	UM:Winter Clinics 2026		310.50	477813		N
SPL		DEPOSIT	01/11/2026	Liability Due to Customers:UM	UM:Winter Clinics 2026		-310.50	477813		N
ENDTRNS										
TRNS		DEPOSIT	01/11/2026	Checking	Yellow Jackets North:Tryouts 2026-2027		98.33	477839		N
SPL		DEPOSIT	01/11/2026	Liability Due to Customers:Yellow Jackets North	Yellow Jackets North:Tryouts 2026-2027		-98.33	477839		N
ENDTRNS										
TRNS		DEPOSIT	01/11/2026	Checking	Yellow Jackets South:Camps and Clinics 2026		77.63	477817		N
SPL		DEPOSIT	01/11/2026	Liability Due to Customers:Yellow Jackets South	Yellow Jackets South:Camps and Clinics 2026		-77.63	477817		N
ENDTRNS										
TRNS		DEPOSIT	01/12/2026	Checking	All American Aim:Players 2025-2026		510.00	478017		N
SPL		DEPOSIT	01/12/2026	Liability Due to Customers:All American Aim	All American Aim:Players 2025-2026		-510.00	478017		N
ENDTRNS										
TRNS		DEPOSIT	01/12/2026	Checking	American Select Lacrosse:Colorado 2026		419.19	477967		N
SPL		DEPOSIT	01/12/2026	Liability Due to Customers:American Select Lacrosse	American Select Lacrosse:Colorado 2026		-419.19	477967		N
ENDTRNS										
TRNS		DEPOSIT	01/12/2026	Checking	American Select Lacrosse:INDIVIDUAL Showcase 2026		538.20	477972		N
SPL		DEPOSIT	01/12/2026	Liability Due to Customers:American Select Lacrosse	American Select Lacrosse:INDIVIDUAL Showcase 2026		-538.20	477972		N
ENDTRNS										
TRNS		DEPOSIT	01/12/2026	Checking	American Select Lacrosse:Long Island 2026		419.19	477938		N
SPL		DEPOSIT	01/12/2026	Liability Due to Customers:American Select Lacrosse	American Select Lacrosse:Long Island 2026		-419.19	477938		N
ENDTRNS										
TRNS		DEPOSIT	01/12/2026	Checking	American Select Lacrosse:Maryland 2026		419.19	477975		N
SPL		DEPOSIT	01/12/2026	Liability Due to Customers:American Select Lacrosse	American Select Lacrosse:Maryland 2026		-419.19	477975		N
ENDTRNS										
TRNS		DEPOSIT	01/12/2026	Checking	American Select Lacrosse:New Jersey 2026		279.46	477969		N
SPL		DEPOSIT	01/12/2026	Liability Due to Customers:American Select Lacrosse	American Select Lacrosse:New Jersey 2026		-279.46	477969		N
ENDTRNS										
TRNS		DEPOSIT	01/12/2026	Checking	American Select Lacrosse:New York-Downstate 2026		558.92	477917		N
SPL		DEPOSIT	01/12/2026	Liability Due to Customers:American Select Lacrosse	American Select Lacrosse:New York-Downstate 2026		-558.92	477917		N
ENDTRNS										
TRNS		DEPOSIT	01/12/2026	Checking	American Select Lacrosse:New York-Upstate 2026		978.11	477962		N
SPL		DEPOSIT	01/12/2026	Liability Due to Customers:American Select Lacrosse	American Select Lacrosse:New York-Upstate 2026		-978.11	477962		N
ENDTRNS										
TRNS		DEPOSIT	01/12/2026	Checking	American Select Lacrosse:NorCal 2026		139.73	477872		N
SPL		DEPOSIT	01/12/2026	Liability Due to Customers:American Select Lacrosse	American Select Lacrosse:NorCal 2026		-139.73	477872		N
ENDTRNS										
TRNS		DEPOSIT	01/12/2026	Checking	American Select Lacrosse:North Carolina 2026		139.73	477930		N
SPL		DEPOSIT	01/12/2026	Liability Due to Customers:American Select Lacrosse	American Select Lacrosse:North Carolina 2026		-139.73	477930		N
ENDTRNS										
TRNS		DEPOSIT	01/12/2026	Checking	American Select Lacrosse:Pacific Northwest 2026		139.73	477939		N
SPL		DEPOSIT	01/12/2026	Liability Due to Customers:American Select Lacrosse	American Select Lacrosse:Pacific Northwest 2026		-139.73	477939		N
ENDTRNS										
TRNS		DEPOSIT	01/12/2026	Checking	American Select Lacrosse:Pennsylvania 2026		978.11	477974		N
SPL		DEPOSIT	01/12/2026	Liability Due to Customers:American Select Lacrosse	American Select Lacrosse:Pennsylvania 2026		-978.11	477974		N
ENDTRNS										
TRNS		DEPOSIT	01/12/2026	Checking	American Select Lacrosse:SoCal 2026		139.73	477950		N
SPL		DEPOSIT	01/12/2026	Liability Due to Customers:American Select Lacrosse	American Select Lacrosse:SoCal 2026		-139.73	477950		N
ENDTRNS										
TRNS		DEPOSIT	01/12/2026	Checking	Jr Pioneer Basketball:Spring Training 2026		309.47	477951		N
SPL		DEPOSIT	01/12/2026	Liability Due to Customers:Jr Pioneer Basketball	Jr Pioneer Basketball:Spring Training 2026		-309.47	477951		N
ENDTRNS										
TRNS		DEPOSIT	01/12/2026	Checking	Lax For The Cure:Fall Showcase 2026		1552.50	477941		N
SPL		DEPOSIT	01/12/2026	Liability Due to Customers:Lax For The Cure	Lax For The Cure:Fall Showcase 2026		-1552.50	477941		N
ENDTRNS										
TRNS		DEPOSIT	01/12/2026	Checking	Premier Lacrosse:Camps and Clinics 2026		439.88	477970		N
SPL		DEPOSIT	01/12/2026	Liability Due to Customers:Premier Lacrosse	Premier Lacrosse:Camps and Clinics 2026		-439.88	477970		N
ENDTRNS										
TRNS		DEPOSIT	01/12/2026	Checking	StateOne Lacrosse:Camps and Clinics 2026		320.86	477940		N
SPL		DEPOSIT	01/12/2026	Liability Due to Customers:StateOne Lacrosse	StateOne Lacrosse:Camps and Clinics 2026		-320.86	477940		N
ENDTRNS										
TRNS		DEPOSIT	01/12/2026	Checking	STEPS Lacrosse California:Girls Elite Players 2025-2026		1037.50	478019		N
SPL		DEPOSIT	01/12/2026	Liability Due to Customers:STEPS Lacrosse California	STEPS Lacrosse California:Girls Elite Players 2025-2026		-1037.50	478019		N
ENDTRNS										
TRNS		DEPOSIT	01/12/2026	Checking	STEPS Lacrosse:Boys Elite Players 2025-2026		11310.00	478042		N
SPL		DEPOSIT	01/12/2026	Liability Due to Customers:STEPS Lacrosse	STEPS Lacrosse:Boys Elite Players 2025-2026		-11310.00	478042		N
ENDTRNS										
TRNS		DEPOSIT	01/12/2026	Checking	STEPS Lacrosse:Girls Elite Players 2025-2026		1875.00	477953		N
SPL		DEPOSIT	01/12/2026	Liability Due to Customers:STEPS Lacrosse	STEPS Lacrosse:Girls Elite Players 2025-2026		-1875.00	477953		N
ENDTRNS										
TRNS		DEPOSIT	01/12/2026	Checking	STEPS Lacrosse:Girls Elite Tryouts 2026-2027		1009.13	477955		N
SPL		DEPOSIT	01/12/2026	Liability Due to Customers:STEPS Lacrosse	STEPS Lacrosse:Girls Elite Tryouts 2026-2027		-1009.13	477955		N
ENDTRNS										
TRNS		DEPOSIT	01/12/2026	Checking	STEPS Lacrosse:Summer Programs 2026		284.63	477934		N
SPL		DEPOSIT	01/12/2026	Liability Due to Customers:STEPS Lacrosse	STEPS Lacrosse:Summer Programs 2026		-284.63	477934		N
ENDTRNS										
TRNS		DEPOSIT	01/12/2026	Checking	STEPS Lacrosse:Winter Training Programs 2026		310.50	477945		N
SPL		DEPOSIT	01/12/2026	Liability Due to Customers:STEPS Lacrosse	STEPS Lacrosse:Winter Training Programs 2026		-310.50	477945		N
ENDTRNS										
TRNS		DEPOSIT	01/12/2026	Checking	Top of the Bay Lacrosse:#LaxisLife 2026		3519.00	477910		N
SPL		DEPOSIT	01/12/2026	Liability Due to Customers:Top of the Bay Lacrosse	Top of the Bay Lacrosse:#LaxisLife 2026		-3519.00	477910		N
ENDTRNS										
TRNS		DEPOSIT	01/12/2026	Checking	UM:Maryland Lacrosse Camps Summer 2026		5045.64	477968		N
SPL		DEPOSIT	01/12/2026	Liability Due to Customers:UM	UM:Maryland Lacrosse Camps Summer 2026		-5045.64	477968		N
ENDTRNS										
TRNS		DEPOSIT	01/12/2026	Checking	XPO:California 2026		1500.76	477966		N
SPL		DEPOSIT	01/12/2026	Liability Due to Customers:XPO	XPO:California 2026		-1500.76	477966		N
ENDTRNS										
TRNS		DEPOSIT	01/12/2026	Checking	Yellow Jackets North:Tryouts 2026-2027		160.43	477947		N
SPL		DEPOSIT	01/12/2026	Liability Due to Customers:Yellow Jackets North	Yellow Jackets North:Tryouts 2026-2027		-160.43	477947		N
ENDTRNS										
TRNS		DEPOSIT	01/12/2026	Checking	Yellow Jackets South:Players 2025-2026		656.00	477948		N
SPL		DEPOSIT	01/12/2026	Liability Due to Customers:Yellow Jackets South	Yellow Jackets South:Players 2025-2026		-656.00	477948		N
ENDTRNS										
TRNS		DEPOSIT	01/13/2026	Checking	American Select Lacrosse:Colorado 2026		1397.30	478115		N
SPL		DEPOSIT	01/13/2026	Liability Due to Customers:American Select Lacrosse	American Select Lacrosse:Colorado 2026		-1397.30	478115		N
ENDTRNS										
TRNS		DEPOSIT	01/13/2026	Checking	American Select Lacrosse:Georgia 2026		419.19	478117		N
SPL		DEPOSIT	01/13/2026	Liability Due to Customers:American Select Lacrosse	American Select Lacrosse:Georgia 2026		-419.19	478117		N
ENDTRNS										
TRNS		DEPOSIT	01/13/2026	Checking	American Select Lacrosse:Long Island 2026		1537.03	478102		N
SPL		DEPOSIT	01/13/2026	Liability Due to Customers:American Select Lacrosse	American Select Lacrosse:Long Island 2026		-1537.03	478102		N
ENDTRNS										
TRNS		DEPOSIT	01/13/2026	Checking	American Select Lacrosse:Maryland 2026		139.73	477997		N
SPL		DEPOSIT	01/13/2026	Liability Due to Customers:American Select Lacrosse	American Select Lacrosse:Maryland 2026		-139.73	477997		N
ENDTRNS										
TRNS		DEPOSIT	01/13/2026	Checking	American Select Lacrosse:New Jersey 2026		1117.84	478096		N
SPL		DEPOSIT	01/13/2026	Liability Due to Customers:American Select Lacrosse	American Select Lacrosse:New Jersey 2026		-1117.84	478096		N
ENDTRNS										
TRNS		DEPOSIT	01/13/2026	Checking	American Select Lacrosse:New York-Downstate 2026		419.19	477994		N
SPL		DEPOSIT	01/13/2026	Liability Due to Customers:American Select Lacrosse	American Select Lacrosse:New York-Downstate 2026		-419.19	477994		N
ENDTRNS										
TRNS		DEPOSIT	01/13/2026	Checking	American Select Lacrosse:New York-Upstate 2026		1816.49	478110		N
SPL		DEPOSIT	01/13/2026	Liability Due to Customers:American Select Lacrosse	American Select Lacrosse:New York-Upstate 2026		-1816.49	478110		N
ENDTRNS										
TRNS		DEPOSIT	01/13/2026	Checking	American Select Lacrosse:North Carolina 2026		279.46	478071		N
SPL		DEPOSIT	01/13/2026	Liability Due to Customers:American Select Lacrosse	American Select Lacrosse:North Carolina 2026		-279.46	478071		N
ENDTRNS										
TRNS		DEPOSIT	01/13/2026	Checking	American Select Lacrosse:North East 2026		419.19	478077		N
SPL		DEPOSIT	01/13/2026	Liability Due to Customers:American Select Lacrosse	American Select Lacrosse:North East 2026		-419.19	478077		N
ENDTRNS										
TRNS		DEPOSIT	01/13/2026	Checking	American Select Lacrosse:Pacific Northwest 2026		279.46	478083		N
SPL		DEPOSIT	01/13/2026	Liability Due to Customers:American Select Lacrosse	American Select Lacrosse:Pacific Northwest 2026		-279.46	478083		N
ENDTRNS										
TRNS		DEPOSIT	01/13/2026	Checking	American Select Lacrosse:Pennsylvania 2026		419.19	478081		N
SPL		DEPOSIT	01/13/2026	Liability Due to Customers:American Select Lacrosse	American Select Lacrosse:Pennsylvania 2026		-419.19	478081		N
ENDTRNS										
TRNS		DEPOSIT	01/13/2026	Checking	American Select Lacrosse:SoCal 2026		279.46	478108		N
SPL		DEPOSIT	01/13/2026	Liability Due to Customers:American Select Lacrosse	American Select Lacrosse:SoCal 2026		-279.46	478108		N
ENDTRNS										
TRNS		DEPOSIT	01/13/2026	Checking	Compass Noreaster Lacrosse:Ghost Games 2026		5175.00	478094		N
SPL		DEPOSIT	01/13/2026	Liability Due to Customers:Compass Noreaster Lacrosse	Compass Noreaster Lacrosse:Ghost Games 2026		-5175.00	478094		N
ENDTRNS										
TRNS		DEPOSIT	01/13/2026	Checking	LI Yellow Jackets:Players 2026		414.00	478139		N
SPL		DEPOSIT	01/13/2026	Liability Due to Customers:LI Yellow Jackets	LI Yellow Jackets:Players 2026		-414.00	478139		N
ENDTRNS										
TRNS		DEPOSIT	01/13/2026	Checking	StateOne Lacrosse:Camps and Clinics 2026		320.86	478045		N
SPL		DEPOSIT	01/13/2026	Liability Due to Customers:StateOne Lacrosse	StateOne Lacrosse:Camps and Clinics 2026		-320.86	478045		N
ENDTRNS										
TRNS		DEPOSIT	01/13/2026	Checking	STEPS Lacrosse:Boys Elite Players 2025-2026		2835.00	478146		N
SPL		DEPOSIT	01/13/2026	Liability Due to Customers:STEPS Lacrosse	STEPS Lacrosse:Boys Elite Players 2025-2026		-2835.00	478146		N
ENDTRNS										
TRNS		DEPOSIT	01/13/2026	Checking	STEPS Lacrosse:Boys Elite Tryouts 2026-2027		77.63	478064		N
SPL		DEPOSIT	01/13/2026	Liability Due to Customers:STEPS Lacrosse	STEPS Lacrosse:Boys Elite Tryouts 2026-2027		-77.63	478064		N
ENDTRNS										
TRNS		DEPOSIT	01/13/2026	Checking	STEPS Lacrosse:Girls Elite Players 2025-2026		890.00	477995		N
SPL		DEPOSIT	01/13/2026	Liability Due to Customers:STEPS Lacrosse	STEPS Lacrosse:Girls Elite Players 2025-2026		-890.00	477995		N
ENDTRNS										
TRNS		DEPOSIT	01/13/2026	Checking	STEPS Lacrosse:Girls Elite Tryouts 2026-2027		372.60	478082		N
SPL		DEPOSIT	01/13/2026	Liability Due to Customers:STEPS Lacrosse	STEPS Lacrosse:Girls Elite Tryouts 2026-2027		-372.60	478082		N
ENDTRNS										
TRNS		DEPOSIT	01/13/2026	Checking	STEPS Lacrosse:Summer Programs 2026		569.26	478101		N
SPL		DEPOSIT	01/13/2026	Liability Due to Customers:STEPS Lacrosse	STEPS Lacrosse:Summer Programs 2026		-569.26	478101		N
ENDTRNS										
TRNS		DEPOSIT	01/13/2026	Checking	Top of the Bay Lacrosse:#LaxisLife 2026		5278.50	478063		N
SPL		DEPOSIT	01/13/2026	Liability Due to Customers:Top of the Bay Lacrosse	Top of the Bay Lacrosse:#LaxisLife 2026		-5278.50	478063		N
ENDTRNS										
TRNS		DEPOSIT	01/13/2026	Checking	UM:Independent Club Playday 2026		776.25	478104		N
SPL		DEPOSIT	01/13/2026	Liability Due to Customers:UM	UM:Independent Club Playday 2026		-776.25	478104		N
ENDTRNS										
TRNS		DEPOSIT	01/13/2026	Checking	UM:Maryland Lacrosse Camps Summer 2026		3596.64	478112		N
SPL		DEPOSIT	01/13/2026	Liability Due to Customers:UM	UM:Maryland Lacrosse Camps Summer 2026		-3596.64	478112		N
ENDTRNS										
TRNS		DEPOSIT	01/13/2026	Checking	UM:Player Clinic 2026		465.75	478067		N
SPL		DEPOSIT	01/13/2026	Liability Due to Customers:UM	UM:Player Clinic 2026		-465.75	478067		N
ENDTRNS										
TRNS		DEPOSIT	01/13/2026	Checking	XPO:NJ Girls June 2026		408.83	478100		N
SPL		DEPOSIT	01/13/2026	Liability Due to Customers:XPO	XPO:NJ Girls June 2026		-408.83	478100		N
ENDTRNS										
TRNS		DEPOSIT	01/13/2026	Checking	Yellow Jackets North:Tryouts 2026-2027		294.99	478111		N
SPL		DEPOSIT	01/13/2026	Liability Due to Customers:Yellow Jackets North	Yellow Jackets North:Tryouts 2026-2027		-294.99	478111		N
ENDTRNS										
TRNS		DEPOSIT	01/14/2026	Checking	American Select Lacrosse:Colorado 2026		838.38	478191		N
SPL		DEPOSIT	01/14/2026	Liability Due to Customers:American Select Lacrosse	American Select Lacrosse:Colorado 2026		-838.38	478191		N
ENDTRNS										
TRNS		DEPOSIT	01/14/2026	Checking	American Select Lacrosse:Georgia 2026		139.73	478216		N
SPL		DEPOSIT	01/14/2026	Liability Due to Customers:American Select Lacrosse	American Select Lacrosse:Georgia 2026		-139.73	478216		N
ENDTRNS										
TRNS		DEPOSIT	01/14/2026	Checking	American Select Lacrosse:Long Island 2026		1676.76	478221		N
SPL		DEPOSIT	01/14/2026	Liability Due to Customers:American Select Lacrosse	American Select Lacrosse:Long Island 2026		-1676.76	478221		N
ENDTRNS										
TRNS		DEPOSIT	01/14/2026	Checking	American Select Lacrosse:Main Event 2026		672.75	478164		N
SPL		DEPOSIT	01/14/2026	Liability Due to Customers:American Select Lacrosse	American Select Lacrosse:Main Event 2026		-672.75	478164		N
ENDTRNS										
TRNS		DEPOSIT	01/14/2026	Checking	American Select Lacrosse:New Jersey 2026		558.92	478209		N
SPL		DEPOSIT	01/14/2026	Liability Due to Customers:American Select Lacrosse	American Select Lacrosse:New Jersey 2026		-558.92	478209		N
ENDTRNS										
TRNS		DEPOSIT	01/14/2026	Checking	American Select Lacrosse:New York-Downstate 2026		139.73	478149		N
SPL		DEPOSIT	01/14/2026	Liability Due to Customers:American Select Lacrosse	American Select Lacrosse:New York-Downstate 2026		-139.73	478149		N
ENDTRNS										
TRNS		DEPOSIT	01/14/2026	Checking	American Select Lacrosse:New York-Upstate 2026		1117.84	478193		N
SPL		DEPOSIT	01/14/2026	Liability Due to Customers:American Select Lacrosse	American Select Lacrosse:New York-Upstate 2026		-1117.84	478193		N
ENDTRNS										
TRNS		DEPOSIT	01/14/2026	Checking	American Select Lacrosse:North Carolina 2026		558.92	478204		N
SPL		DEPOSIT	01/14/2026	Liability Due to Customers:American Select Lacrosse	American Select Lacrosse:North Carolina 2026		-558.92	478204		N
ENDTRNS										
TRNS		DEPOSIT	01/14/2026	Checking	American Select Lacrosse:North East 2026		139.73	478159		N
SPL		DEPOSIT	01/14/2026	Liability Due to Customers:American Select Lacrosse	American Select Lacrosse:North East 2026		-139.73	478159		N
ENDTRNS										
TRNS		DEPOSIT	01/14/2026	Checking	American Select Lacrosse:Pennsylvania 2026		1117.84	478178		N
SPL		DEPOSIT	01/14/2026	Liability Due to Customers:American Select Lacrosse	American Select Lacrosse:Pennsylvania 2026		-1117.84	478178		N
ENDTRNS										
TRNS		DEPOSIT	01/14/2026	Checking	American Select Lacrosse:SoCal 2026		279.46	478220		N
SPL		DEPOSIT	01/14/2026	Liability Due to Customers:American Select Lacrosse	American Select Lacrosse:SoCal 2026		-279.46	478220		N
ENDTRNS										
TRNS		DEPOSIT	01/14/2026	Checking	Lax For The Cure:Summer 2026		7038.00	478169		N
SPL		DEPOSIT	01/14/2026	Liability Due to Customers:Lax For The Cure	Lax For The Cure:Summer 2026		-7038.00	478169		N
ENDTRNS										
TRNS		DEPOSIT	01/14/2026	Checking	LI Yellow Jackets:Clinics and Leagues 2025-2026		284.63	478190		N
SPL		DEPOSIT	01/14/2026	Liability Due to Customers:LI Yellow Jackets	LI Yellow Jackets:Clinics and Leagues 2025-2026		-284.63	478190		N
ENDTRNS										
TRNS		DEPOSIT	01/14/2026	Checking	LI Yellow Jackets:Players 2026		1553.00	478368		N
SPL		DEPOSIT	01/14/2026	Liability Due to Customers:LI Yellow Jackets	LI Yellow Jackets:Players 2026		-1553.00	478368		N
ENDTRNS										
TRNS		DEPOSIT	01/14/2026	Checking	Live Love Lax:Girls Summer 2026		6831.00	478182		N
SPL		DEPOSIT	01/14/2026	Liability Due to Customers:Live Love Lax	Live Love Lax:Girls Summer 2026		-6831.00	478182		N
ENDTRNS										
TRNS		DEPOSIT	01/14/2026	Checking	Long Island Elite Lacrosse:Prime Time Recruiting Showcase 2026		1656.00	478187		N
SPL		DEPOSIT	01/14/2026	Liability Due to Customers:Long Island Elite Lacrosse	Long Island Elite Lacrosse:Prime Time Recruiting Showcase 2026		-1656.00	478187		N
ENDTRNS										
TRNS		DEPOSIT	01/14/2026	Checking	Premier Lacrosse:Camps and Clinics 2026		1238.91	478218		N
SPL		DEPOSIT	01/14/2026	Liability Due to Customers:Premier Lacrosse	Premier Lacrosse:Camps and Clinics 2026		-1238.91	478218		N
ENDTRNS										
TRNS		DEPOSIT	01/14/2026	Checking	StateOne Lacrosse:Camps and Clinics 2026		160.43	478137		N
SPL		DEPOSIT	01/14/2026	Liability Due to Customers:StateOne Lacrosse	StateOne Lacrosse:Camps and Clinics 2026		-160.43	478137		N
ENDTRNS										
TRNS		DEPOSIT	01/14/2026	Checking	STEPS Lacrosse:Boys Elite Players 2025-2026		405.00	478370		N
SPL		DEPOSIT	01/14/2026	Liability Due to Customers:STEPS Lacrosse	STEPS Lacrosse:Boys Elite Players 2025-2026		-405.00	478370		N
ENDTRNS										
TRNS		DEPOSIT	01/14/2026	Checking	STEPS Lacrosse:Girls Elite Tryouts 2026-2027		279.45	478202		N
SPL		DEPOSIT	01/14/2026	Liability Due to Customers:STEPS Lacrosse	STEPS Lacrosse:Girls Elite Tryouts 2026-2027		-279.45	478202		N
ENDTRNS										
TRNS		DEPOSIT	01/14/2026	Checking	STEPS Lacrosse:Summer Programs 2026		569.26	478197		N
SPL		DEPOSIT	01/14/2026	Liability Due to Customers:STEPS Lacrosse	STEPS Lacrosse:Summer Programs 2026		-569.26	478197		N
ENDTRNS										
TRNS		DEPOSIT	01/14/2026	Checking	UM:Maryland Lacrosse Camps Summer 2026		5019.76	478215		N
SPL		DEPOSIT	01/14/2026	Liability Due to Customers:UM	UM:Maryland Lacrosse Camps Summer 2026		-5019.76	478215		N
ENDTRNS										
TRNS		DEPOSIT	01/14/2026	Checking	Yellow Jackets Midwest:Camps and Clinics 2026		77.63	478206		N
SPL		DEPOSIT	01/14/2026	Liability Due to Customers:Yellow Jackets Midwest	Yellow Jackets Midwest:Camps and Clinics 2026		-77.63	478206		N
ENDTRNS										
TRNS		DEPOSIT	01/14/2026	Checking	Yellow Jackets South:Camps and Clinics 2026		77.63	478196		N
SPL		DEPOSIT	01/14/2026	Liability Due to Customers:Yellow Jackets South	Yellow Jackets South:Camps and Clinics 2026		-77.63	478196		N
ENDTRNS										
TRNS		DEPOSIT	01/15/2026	Checking	All American Aim:Players 2025-2026		665.00	478390		N
SPL		DEPOSIT	01/15/2026	Liability Due to Customers:All American Aim	All American Aim:Players 2025-2026		-665.00	478390		N
ENDTRNS										
TRNS		DEPOSIT	01/15/2026	Checking	American Select Lacrosse:Colorado 2026		698.65	478345		N
SPL		DEPOSIT	01/15/2026	Liability Due to Customers:American Select Lacrosse	American Select Lacrosse:Colorado 2026		-698.65	478345		N
ENDTRNS										
TRNS		DEPOSIT	01/15/2026	Checking	American Select Lacrosse:Delaware 2026		139.73	478253		N
SPL		DEPOSIT	01/15/2026	Liability Due to Customers:American Select Lacrosse	American Select Lacrosse:Delaware 2026		-139.73	478253		N
ENDTRNS										
TRNS		DEPOSIT	01/15/2026	Checking	American Select Lacrosse:Georgia 2026		139.73	478285		N
SPL		DEPOSIT	01/15/2026	Liability Due to Customers:American Select Lacrosse	American Select Lacrosse:Georgia 2026		-139.73	478285		N
ENDTRNS										
TRNS		DEPOSIT	01/15/2026	Checking	American Select Lacrosse:Long Island 2026		1537.03	478344		N
SPL		DEPOSIT	01/15/2026	Liability Due to Customers:American Select Lacrosse	American Select Lacrosse:Long Island 2026		-1537.03	478344		N
ENDTRNS										
TRNS		DEPOSIT	01/15/2026	Checking	American Select Lacrosse:Main Event 2026		672.75	478235		N
SPL		DEPOSIT	01/15/2026	Liability Due to Customers:American Select Lacrosse	American Select Lacrosse:Main Event 2026		-672.75	478235		N
ENDTRNS										
TRNS		DEPOSIT	01/15/2026	Checking	American Select Lacrosse:Maryland 2026		698.65	478352		N
SPL		DEPOSIT	01/15/2026	Liability Due to Customers:American Select Lacrosse	American Select Lacrosse:Maryland 2026		-698.65	478352		N
ENDTRNS										
TRNS		DEPOSIT	01/15/2026	Checking	American Select Lacrosse:Massachusetts 2026		3213.79	478349		N
SPL		DEPOSIT	01/15/2026	Liability Due to Customers:American Select Lacrosse	American Select Lacrosse:Massachusetts 2026		-3213.79	478349		N
ENDTRNS										
TRNS		DEPOSIT	01/15/2026	Checking	American Select Lacrosse:New Jersey 2026		419.19	478331		N
SPL		DEPOSIT	01/15/2026	Liability Due to Customers:American Select Lacrosse	American Select Lacrosse:New Jersey 2026		-419.19	478331		N
ENDTRNS										
TRNS		DEPOSIT	01/15/2026	Checking	American Select Lacrosse:New York-Upstate 2026		1257.57	478325		N
SPL		DEPOSIT	01/15/2026	Liability Due to Customers:American Select Lacrosse	American Select Lacrosse:New York-Upstate 2026		-1257.57	478325		N
ENDTRNS										
TRNS		DEPOSIT	01/15/2026	Checking	American Select Lacrosse:NorCal 2026		139.73	478244		N
SPL		DEPOSIT	01/15/2026	Liability Due to Customers:American Select Lacrosse	American Select Lacrosse:NorCal 2026		-139.73	478244		N
ENDTRNS										
TRNS		DEPOSIT	01/15/2026	Checking	American Select Lacrosse:Pennsylvania 2026		139.73	478334		N
SPL		DEPOSIT	01/15/2026	Liability Due to Customers:American Select Lacrosse	American Select Lacrosse:Pennsylvania 2026		-139.73	478334		N
ENDTRNS										
TRNS		DEPOSIT	01/15/2026	Checking	American Select Lacrosse:SoCal 2026		279.46	478238		N
SPL		DEPOSIT	01/15/2026	Liability Due to Customers:American Select Lacrosse	American Select Lacrosse:SoCal 2026		-279.46	478238		N
ENDTRNS										
TRNS		DEPOSIT	01/15/2026	Checking	Lax By The Sea:Summer 2026		11178.00	478293		N
SPL		DEPOSIT	01/15/2026	Liability Due to Customers:Lax By The Sea	Lax By The Sea:Summer 2026		-11178.00	478293		N
ENDTRNS										
TRNS		DEPOSIT	01/15/2026	Checking	LI Yellow Jackets:Clinics and Leagues 2025-2026		284.63	478319		N
SPL		DEPOSIT	01/15/2026	Liability Due to Customers:LI Yellow Jackets	LI Yellow Jackets:Clinics and Leagues 2025-2026		-284.63	478319		N
ENDTRNS										
TRNS		DEPOSIT	01/15/2026	Checking	Live Love Lax:Girls Summer 2026		6831.00	478283		N
SPL		DEPOSIT	01/15/2026	Liability Due to Customers:Live Love Lax	Live Love Lax:Girls Summer 2026		-6831.00	478283		N
ENDTRNS										
TRNS		DEPOSIT	01/15/2026	Checking	Long Island Elite Lacrosse:Prime Time Recruiting Showcase 2026		828.00	478322		N
SPL		DEPOSIT	01/15/2026	Liability Due to Customers:Long Island Elite Lacrosse	Long Island Elite Lacrosse:Prime Time Recruiting Showcase 2026		-828.00	478322		N
ENDTRNS										
TRNS		DEPOSIT	01/15/2026	Checking	Maryland Cup:Summer Showcase 2026		3519.00	478314		N
SPL		DEPOSIT	01/15/2026	Liability Due to Customers:Maryland Cup	Maryland Cup:Summer Showcase 2026		-3519.00	478314		N
ENDTRNS										
TRNS		DEPOSIT	01/15/2026	Checking	Mendham Basketball:Boys Summer Camp 2026		931.50	478258		N
SPL		DEPOSIT	01/15/2026	Liability Due to Customers:Mendham Basketball	Mendham Basketball:Boys Summer Camp 2026		-931.50	478258		N
ENDTRNS										
TRNS		DEPOSIT	01/15/2026	Checking	Premier Lacrosse:Camps and Clinics 2026		825.94	478333		N
SPL		DEPOSIT	01/15/2026	Liability Due to Customers:Premier Lacrosse	Premier Lacrosse:Camps and Clinics 2026		-825.94	478333		N
ENDTRNS										
TRNS		DEPOSIT	01/15/2026	Checking	StateOne Lacrosse:Camps and Clinics 2026		584.79	478351		N
SPL		DEPOSIT	01/15/2026	Liability Due to Customers:StateOne Lacrosse	StateOne Lacrosse:Camps and Clinics 2026		-584.79	478351		N
ENDTRNS										
TRNS		DEPOSIT	01/15/2026	Checking	STEPS Lacrosse California:Girls Elite Players 2025-2026		5176.67	478389		N
SPL		DEPOSIT	01/15/2026	Liability Due to Customers:STEPS Lacrosse California	STEPS Lacrosse California:Girls Elite Players 2025-2026		-5176.67	478389		N
ENDTRNS										
TRNS		DEPOSIT	01/15/2026	Checking	STEPS Lacrosse:Boys Elite Players 2025-2026		1465.00	478391		N
SPL		DEPOSIT	01/15/2026	Liability Due to Customers:STEPS Lacrosse	STEPS Lacrosse:Boys Elite Players 2025-2026		-1465.00	478391		N
ENDTRNS										
TRNS		DEPOSIT	01/15/2026	Checking	STEPS Lacrosse:Boys Elite Tryouts 2026-2027		77.63	478247		N
SPL		DEPOSIT	01/15/2026	Liability Due to Customers:STEPS Lacrosse	STEPS Lacrosse:Boys Elite Tryouts 2026-2027		-77.63	478247		N
ENDTRNS										
TRNS		DEPOSIT	01/15/2026	Checking	STEPS Lacrosse:Girls Elite Players 2025-2026		4010.00	478384		N
SPL		DEPOSIT	01/15/2026	Liability Due to Customers:STEPS Lacrosse	STEPS Lacrosse:Girls Elite Players 2025-2026		-4010.00	478384		N
ENDTRNS										
TRNS		DEPOSIT	01/15/2026	Checking	STEPS Lacrosse:Girls Elite Tryouts 2026-2027		465.75	478267		N
SPL		DEPOSIT	01/15/2026	Liability Due to Customers:STEPS Lacrosse	STEPS Lacrosse:Girls Elite Tryouts 2026-2027		-465.75	478267		N
ENDTRNS										
TRNS		DEPOSIT	01/15/2026	Checking	STEPS Lacrosse:Summer Programs 2026		1992.41	478310		N
SPL		DEPOSIT	01/15/2026	Liability Due to Customers:STEPS Lacrosse	STEPS Lacrosse:Summer Programs 2026		-1992.41	478310		N
ENDTRNS										
TRNS		DEPOSIT	01/15/2026	Checking	UM:Maryland Lacrosse Camps Summer 2026		3570.76	478350		N
SPL		DEPOSIT	01/15/2026	Liability Due to Customers:UM	UM:Maryland Lacrosse Camps Summer 2026		-3570.76	478350		N
ENDTRNS										
TRNS		DEPOSIT	01/15/2026	Checking	XPO:NJ Girls June 2026		408.83	478276		N
SPL		DEPOSIT	01/15/2026	Liability Due to Customers:XPO	XPO:NJ Girls June 2026		-408.83	478276		N
ENDTRNS										
TRNS		DEPOSIT	01/15/2026	Checking	Yellow Jackets Midwest:Camps and Clinics 2026		232.89	478339		N
SPL		DEPOSIT	01/15/2026	Liability Due to Customers:Yellow Jackets Midwest	Yellow Jackets Midwest:Camps and Clinics 2026		-232.89	478339		N
ENDTRNS										
TRNS		DEPOSIT	01/15/2026	Checking	Yellow Jackets South:Camps and Clinics 2026		77.63	478348		N
SPL		DEPOSIT	01/15/2026	Liability Due to Customers:Yellow Jackets South	Yellow Jackets South:Camps and Clinics 2026		-77.63	478348		N
ENDTRNS										
TRNS		DEPOSIT	01/16/2026	Checking	All American Aim:Players 2025-2026		12520.00	478613		N
SPL		DEPOSIT	01/16/2026	Liability Due to Customers:All American Aim	All American Aim:Players 2025-2026		-12520.00	478613		N
ENDTRNS										
TRNS		DEPOSIT	01/16/2026	Checking	American Select Lacrosse:Colorado 2026		419.19	478400		N
SPL		DEPOSIT	01/16/2026	Liability Due to Customers:American Select Lacrosse	American Select Lacrosse:Colorado 2026		-419.19	478400		N
ENDTRNS										
TRNS		DEPOSIT	01/16/2026	Checking	American Select Lacrosse:Long Island 2026		558.92	478490		N
SPL		DEPOSIT	01/16/2026	Liability Due to Customers:American Select Lacrosse	American Select Lacrosse:Long Island 2026		-558.92	478490		N
ENDTRNS										
TRNS		DEPOSIT	01/16/2026	Checking	American Select Lacrosse:Maryland 2026		279.46	478413		N
SPL		DEPOSIT	01/16/2026	Liability Due to Customers:American Select Lacrosse	American Select Lacrosse:Maryland 2026		-279.46	478413		N
ENDTRNS										
TRNS		DEPOSIT	01/16/2026	Checking	American Select Lacrosse:Massachusetts 2026		558.92	478542		N
SPL		DEPOSIT	01/16/2026	Liability Due to Customers:American Select Lacrosse	American Select Lacrosse:Massachusetts 2026		-558.92	478542		N
ENDTRNS										
TRNS		DEPOSIT	01/16/2026	Checking	American Select Lacrosse:New Jersey 2026		419.19	478546		N
SPL		DEPOSIT	01/16/2026	Liability Due to Customers:American Select Lacrosse	American Select Lacrosse:New Jersey 2026		-419.19	478546		N
ENDTRNS										
TRNS		DEPOSIT	01/16/2026	Checking	American Select Lacrosse:New York-Downstate 2026		1537.03	478552		N
SPL		DEPOSIT	01/16/2026	Liability Due to Customers:American Select Lacrosse	American Select Lacrosse:New York-Downstate 2026		-1537.03	478552		N
ENDTRNS										
TRNS		DEPOSIT	01/16/2026	Checking	American Select Lacrosse:New York-Upstate 2026		1257.57	478537		N
SPL		DEPOSIT	01/16/2026	Liability Due to Customers:American Select Lacrosse	American Select Lacrosse:New York-Upstate 2026		-1257.57	478537		N
ENDTRNS										
TRNS		DEPOSIT	01/16/2026	Checking	American Select Lacrosse:NorCal 2026		139.73	478366		N
SPL		DEPOSIT	01/16/2026	Liability Due to Customers:American Select Lacrosse	American Select Lacrosse:NorCal 2026		-139.73	478366		N
ENDTRNS										
TRNS		DEPOSIT	01/16/2026	Checking	American Select Lacrosse:North Carolina 2026		139.73	478359		N
SPL		DEPOSIT	01/16/2026	Liability Due to Customers:American Select Lacrosse	American Select Lacrosse:North Carolina 2026		-139.73	478359		N
ENDTRNS										
TRNS		DEPOSIT	01/16/2026	Checking	American Select Lacrosse:North East 2026		698.65	478520		N
SPL		DEPOSIT	01/16/2026	Liability Due to Customers:American Select Lacrosse	American Select Lacrosse:North East 2026		-698.65	478520		N
ENDTRNS										
TRNS		DEPOSIT	01/16/2026	Checking	American Select Lacrosse:Pennsylvania 2026		558.92	478551		N
SPL		DEPOSIT	01/16/2026	Liability Due to Customers:American Select Lacrosse	American Select Lacrosse:Pennsylvania 2026		-558.92	478551		N
ENDTRNS										
TRNS		DEPOSIT	01/16/2026	Checking	Lax For The Cure:Individual Showcase 2026		284.63	478358		N
SPL		DEPOSIT	01/16/2026	Liability Due to Customers:Lax For The Cure	Lax For The Cure:Individual Showcase 2026		-284.63	478358		N
ENDTRNS										
TRNS		DEPOSIT	01/16/2026	Checking	Live Love Lax:Girls Summer 2026		51232.50	478536		N
SPL		DEPOSIT	01/16/2026	Liability Due to Customers:Live Love Lax	Live Love Lax:Girls Summer 2026		-51232.50	478536		N
ENDTRNS										
TRNS		DEPOSIT	01/16/2026	Checking	Long Island Elite Lacrosse:Young Guns Fall Festival 2026		414.00	478407		N
SPL		DEPOSIT	01/16/2026	Liability Due to Customers:Long Island Elite Lacrosse	Long Island Elite Lacrosse:Young Guns Fall Festival 2026		-414.00	478407		N
ENDTRNS										
TRNS		DEPOSIT	01/16/2026	Checking	Maryland Cup:Summer Showcase 2026		517.50	478488		N
SPL		DEPOSIT	01/16/2026	Liability Due to Customers:Maryland Cup	Maryland Cup:Summer Showcase 2026		-517.50	478488		N
ENDTRNS										
TRNS		DEPOSIT	01/16/2026	Checking	StateOne Lacrosse:Camps and Clinics 2026		160.43	478401		N
SPL		DEPOSIT	01/16/2026	Liability Due to Customers:StateOne Lacrosse	StateOne Lacrosse:Camps and Clinics 2026		-160.43	478401		N
ENDTRNS										
TRNS		DEPOSIT	01/16/2026	Checking	STEPS Lacrosse California:Girls Elite Players 2025-2026		2720.00	478632		N
SPL		DEPOSIT	01/16/2026	Liability Due to Customers:STEPS Lacrosse California	STEPS Lacrosse California:Girls Elite Players 2025-2026		-2720.00	478632		N
ENDTRNS										
TRNS		DEPOSIT	01/16/2026	Checking	STEPS Lacrosse:Boys Elite Players 2025-2026		1315.00	478626		N
SPL		DEPOSIT	01/16/2026	Liability Due to Customers:STEPS Lacrosse	STEPS Lacrosse:Boys Elite Players 2025-2026		-1315.00	478626		N
ENDTRNS										
TRNS		DEPOSIT	01/16/2026	Checking	STEPS Lacrosse:Girls Elite Players 2025-2026		19685.00	478635		N
SPL		DEPOSIT	01/16/2026	Liability Due to Customers:STEPS Lacrosse	STEPS Lacrosse:Girls Elite Players 2025-2026		-19685.00	478635		N
ENDTRNS										
TRNS		DEPOSIT	01/16/2026	Checking	STEPS Lacrosse:Summer Programs 2026		284.63	478545		N
SPL		DEPOSIT	01/16/2026	Liability Due to Customers:STEPS Lacrosse	STEPS Lacrosse:Summer Programs 2026		-284.63	478545		N
ENDTRNS										
TRNS		DEPOSIT	01/16/2026	Checking	The Shooting Lab:The Lab Elite Team Spring Tryouts 2026		41.40	478357		N
SPL		DEPOSIT	01/16/2026	Liability Due to Customers:The Shooting Lab	The Shooting Lab:The Lab Elite Team Spring Tryouts 2026		-41.40	478357		N
ENDTRNS										
TRNS		DEPOSIT	01/16/2026	Checking	Top of the Bay Lacrosse:Laxin Out Loud 2026		1242.00	478393		N
SPL		DEPOSIT	01/16/2026	Liability Due to Customers:Top of the Bay Lacrosse	Top of the Bay Lacrosse:Laxin Out Loud 2026		-1242.00	478393		N
ENDTRNS										
TRNS		DEPOSIT	01/16/2026	Checking	UM:Maryland Lacrosse Camps Summer 2026		3130.88	478549		N
SPL		DEPOSIT	01/16/2026	Liability Due to Customers:UM	UM:Maryland Lacrosse Camps Summer 2026		-3130.88	478549		N
ENDTRNS										
TRNS		DEPOSIT	01/16/2026	Checking	Yellow Jackets North:Players 2025-2026		1355.00	478567		N
SPL		DEPOSIT	01/16/2026	Liability Due to Customers:Yellow Jackets North	Yellow Jackets North:Players 2025-2026		-1355.00	478567		N
ENDTRNS										
TRNS		DEPOSIT	01/17/2026	Checking	All American Aim:Players 2025-2026		29300.00	478762		N
SPL		DEPOSIT	01/17/2026	Liability Due to Customers:All American Aim	All American Aim:Players 2025-2026		-29300.00	478762		N
ENDTRNS										
TRNS		DEPOSIT	01/17/2026	Checking	American Select Lacrosse:Colorado 2026		279.46	478652		N
SPL		DEPOSIT	01/17/2026	Liability Due to Customers:American Select Lacrosse	American Select Lacrosse:Colorado 2026		-279.46	478652		N
ENDTRNS										
TRNS		DEPOSIT	01/17/2026	Checking	American Select Lacrosse:Long Island 2026		698.65	478661		N
SPL		DEPOSIT	01/17/2026	Liability Due to Customers:American Select Lacrosse	American Select Lacrosse:Long Island 2026		-698.65	478661		N
ENDTRNS										
TRNS		DEPOSIT	01/17/2026	Checking	American Select Lacrosse:Maryland 2026		139.73	478655		N
SPL		DEPOSIT	01/17/2026	Liability Due to Customers:American Select Lacrosse	American Select Lacrosse:Maryland 2026		-139.73	478655		N
ENDTRNS										
TRNS		DEPOSIT	01/17/2026	Checking	American Select Lacrosse:Massachusetts 2026		419.19	478645		N
SPL		DEPOSIT	01/17/2026	Liability Due to Customers:American Select Lacrosse	American Select Lacrosse:Massachusetts 2026		-419.19	478645		N
ENDTRNS										
TRNS		DEPOSIT	01/17/2026	Checking	American Select Lacrosse:New Jersey 2026		698.65	478658		N
SPL		DEPOSIT	01/17/2026	Liability Due to Customers:American Select Lacrosse	American Select Lacrosse:New Jersey 2026		-698.65	478658		N
ENDTRNS										
TRNS		DEPOSIT	01/17/2026	Checking	American Select Lacrosse:New York-Downstate 2026		838.38	478659		N
SPL		DEPOSIT	01/17/2026	Liability Due to Customers:American Select Lacrosse	American Select Lacrosse:New York-Downstate 2026		-838.38	478659		N
ENDTRNS										
TRNS		DEPOSIT	01/17/2026	Checking	American Select Lacrosse:New York-Upstate 2026		139.73	478555		N
SPL		DEPOSIT	01/17/2026	Liability Due to Customers:American Select Lacrosse	American Select Lacrosse:New York-Upstate 2026		-139.73	478555		N
ENDTRNS										
TRNS		DEPOSIT	01/17/2026	Checking	American Select Lacrosse:North East 2026		279.46	478647		N
SPL		DEPOSIT	01/17/2026	Liability Due to Customers:American Select Lacrosse	American Select Lacrosse:North East 2026		-279.46	478647		N
ENDTRNS										
TRNS		DEPOSIT	01/17/2026	Checking	American Select Lacrosse:Pennsylvania 2026		279.46	478662		N
SPL		DEPOSIT	01/17/2026	Liability Due to Customers:American Select Lacrosse	American Select Lacrosse:Pennsylvania 2026		-279.46	478662		N
ENDTRNS										
TRNS		DEPOSIT	01/17/2026	Checking	LI Yellow Jackets:Clinics and Leagues 2025-2026		305.33	478640		N
SPL		DEPOSIT	01/17/2026	Liability Due to Customers:LI Yellow Jackets	LI Yellow Jackets:Clinics and Leagues 2025-2026		-305.33	478640		N
ENDTRNS										
TRNS		DEPOSIT	01/17/2026	Checking	StateOne Lacrosse:Camps and Clinics 2026		263.93	478650		N
SPL		DEPOSIT	01/17/2026	Liability Due to Customers:StateOne Lacrosse	StateOne Lacrosse:Camps and Clinics 2026		-263.93	478650		N
ENDTRNS										
TRNS		DEPOSIT	01/17/2026	Checking	STEPS Lacrosse California:Girls Elite Players 2025-2026		6732.00	478742		N
SPL		DEPOSIT	01/17/2026	Liability Due to Customers:STEPS Lacrosse California	STEPS Lacrosse California:Girls Elite Players 2025-2026		-6732.00	478742		N
ENDTRNS										
TRNS		DEPOSIT	01/17/2026	Checking	STEPS Lacrosse:Boys Elite Players 2025-2026		1027.50	478680		N
SPL		DEPOSIT	01/17/2026	Liability Due to Customers:STEPS Lacrosse	STEPS Lacrosse:Boys Elite Players 2025-2026		-1027.50	478680		N
ENDTRNS										
TRNS		DEPOSIT	01/17/2026	Checking	STEPS Lacrosse:Girls Elite Players 2025-2026		13300.00	478755		N
SPL		DEPOSIT	01/17/2026	Liability Due to Customers:STEPS Lacrosse	STEPS Lacrosse:Girls Elite Players 2025-2026		-13300.00	478755		N
ENDTRNS										
TRNS		DEPOSIT	01/17/2026	Checking	Top of the Bay Lacrosse:#LaxisLife 2026		1759.50	478660		N
SPL		DEPOSIT	01/17/2026	Liability Due to Customers:Top of the Bay Lacrosse	Top of the Bay Lacrosse:#LaxisLife 2026		-1759.50	478660		N
ENDTRNS										
TRNS		DEPOSIT	01/17/2026	Checking	UM:Maryland Lacrosse Camps Summer 2026		1681.88	478657		N
SPL		DEPOSIT	01/17/2026	Liability Due to Customers:UM	UM:Maryland Lacrosse Camps Summer 2026		-1681.88	478657		N
ENDTRNS										
TRNS		DEPOSIT	01/17/2026	Checking	UM:Player Clinic 2026		155.25	478644		N
SPL		DEPOSIT	01/17/2026	Liability Due to Customers:UM	UM:Player Clinic 2026		-155.25	478644		N
ENDTRNS										
TRNS		DEPOSIT	01/17/2026	Checking	Yellow Jackets Mid-Atlantic:Players 2025-2026		1000.00	478677		N
SPL		DEPOSIT	01/17/2026	Liability Due to Customers:Yellow Jackets Mid-Atlantic	Yellow Jackets Mid-Atlantic:Players 2025-2026		-1000.00	478677		N
ENDTRNS										
TRNS		DEPOSIT	01/17/2026	Checking	Yellow Jackets North:Players 2025-2026		1865.00	478676		N
SPL		DEPOSIT	01/17/2026	Liability Due to Customers:Yellow Jackets North	Yellow Jackets North:Players 2025-2026		-1865.00	478676		N
ENDTRNS										
TRNS		DEPOSIT	01/17/2026	Checking	Yellow Jackets South:Camps and Clinics 2026		72.45	478663		N
SPL		DEPOSIT	01/17/2026	Liability Due to Customers:Yellow Jackets South	Yellow Jackets South:Camps and Clinics 2026		-72.45	478663		N
ENDTRNS										
TRNS		DEPOSIT	01/18/2026	Checking	All American Aim:Players 2025-2026		3590.00	478835		N
SPL		DEPOSIT	01/18/2026	Liability Due to Customers:All American Aim	All American Aim:Players 2025-2026		-3590.00	478835		N
ENDTRNS										
TRNS		DEPOSIT	01/18/2026	Checking	American Select Lacrosse:Colorado 2026		139.73	478671		N
SPL		DEPOSIT	01/18/2026	Liability Due to Customers:American Select Lacrosse	American Select Lacrosse:Colorado 2026		-139.73	478671		N
ENDTRNS										
TRNS		DEPOSIT	01/18/2026	Checking	American Select Lacrosse:Delaware 2026		279.46	478811		N
SPL		DEPOSIT	01/18/2026	Liability Due to Customers:American Select Lacrosse	American Select Lacrosse:Delaware 2026		-279.46	478811		N
ENDTRNS										
TRNS		DEPOSIT	01/18/2026	Checking	American Select Lacrosse:Georgia 2026		419.19	478804		N
SPL		DEPOSIT	01/18/2026	Liability Due to Customers:American Select Lacrosse	American Select Lacrosse:Georgia 2026		-419.19	478804		N
ENDTRNS										
TRNS		DEPOSIT	01/18/2026	Checking	American Select Lacrosse:INDIVIDUAL Showcase 2026		269.10	478770		N
SPL		DEPOSIT	01/18/2026	Liability Due to Customers:American Select Lacrosse	American Select Lacrosse:INDIVIDUAL Showcase 2026		-269.10	478770		N
ENDTRNS										
TRNS		DEPOSIT	01/18/2026	Checking	American Select Lacrosse:Long Island 2026		978.11	478812		N
SPL		DEPOSIT	01/18/2026	Liability Due to Customers:American Select Lacrosse	American Select Lacrosse:Long Island 2026		-978.11	478812		N
ENDTRNS										
TRNS		DEPOSIT	01/18/2026	Checking	American Select Lacrosse:Maryland 2026		139.73	478794		N
SPL		DEPOSIT	01/18/2026	Liability Due to Customers:American Select Lacrosse	American Select Lacrosse:Maryland 2026		-139.73	478794		N
ENDTRNS										
TRNS		DEPOSIT	01/18/2026	Checking	American Select Lacrosse:Massachusetts 2026		1956.22	478809		N
SPL		DEPOSIT	01/18/2026	Liability Due to Customers:American Select Lacrosse	American Select Lacrosse:Massachusetts 2026		-1956.22	478809		N
ENDTRNS										
TRNS		DEPOSIT	01/18/2026	Checking	American Select Lacrosse:New Jersey 2026		279.46	478808		N
SPL		DEPOSIT	01/18/2026	Liability Due to Customers:American Select Lacrosse	American Select Lacrosse:New Jersey 2026		-279.46	478808		N
ENDTRNS										
TRNS		DEPOSIT	01/18/2026	Checking	American Select Lacrosse:New York-Downstate 2026		978.11	478806		N
SPL		DEPOSIT	01/18/2026	Liability Due to Customers:American Select Lacrosse	American Select Lacrosse:New York-Downstate 2026		-978.11	478806		N
ENDTRNS										
TRNS		DEPOSIT	01/18/2026	Checking	American Select Lacrosse:North Carolina 2026		139.73	478800		N
SPL		DEPOSIT	01/18/2026	Liability Due to Customers:American Select Lacrosse	American Select Lacrosse:North Carolina 2026		-139.73	478800		N
ENDTRNS										
TRNS		DEPOSIT	01/18/2026	Checking	American Select Lacrosse:Pennsylvania 2026		279.46	478802		N
SPL		DEPOSIT	01/18/2026	Liability Due to Customers:American Select Lacrosse	American Select Lacrosse:Pennsylvania 2026		-279.46	478802		N
ENDTRNS										
TRNS		DEPOSIT	01/18/2026	Checking	American Select Lacrosse:SoCal 2026		139.73	478788		N
SPL		DEPOSIT	01/18/2026	Liability Due to Customers:American Select Lacrosse	American Select Lacrosse:SoCal 2026		-139.73	478788		N
ENDTRNS										
TRNS		DEPOSIT	01/18/2026	Checking	CLSS:TN Boys Showcase 2026		408.83	478805		N
SPL		DEPOSIT	01/18/2026	Liability Due to Customers:CLSS	CLSS:TN Boys Showcase 2026		-408.83	478805		N
ENDTRNS										
TRNS		DEPOSIT	01/18/2026	Checking	Hero's Lacrosse:Camps and Clinics 2026		41.40	478782		N
SPL		DEPOSIT	01/18/2026	Liability Due to Customers:Hero's Lacrosse	Hero's Lacrosse:Camps and Clinics 2026		-41.40	478782		N
ENDTRNS										
TRNS		DEPOSIT	01/18/2026	Checking	LI Yellow Jackets:Players 2026		1035.00	478793		N
SPL		DEPOSIT	01/18/2026	Liability Due to Customers:LI Yellow Jackets	LI Yellow Jackets:Players 2026		-1035.00	478793		N
ENDTRNS										
TRNS		DEPOSIT	01/18/2026	Checking	Premier Lacrosse:Camps and Clinics 2026		412.97	478672		N
SPL		DEPOSIT	01/18/2026	Liability Due to Customers:Premier Lacrosse	Premier Lacrosse:Camps and Clinics 2026		-412.97	478672		N
ENDTRNS										
TRNS		DEPOSIT	01/18/2026	Checking	StateOne Lacrosse:Camps and Clinics 2026		320.86	478670		N
SPL		DEPOSIT	01/18/2026	Liability Due to Customers:StateOne Lacrosse	StateOne Lacrosse:Camps and Clinics 2026		-320.86	478670		N
ENDTRNS										
TRNS		DEPOSIT	01/18/2026	Checking	STEPS Lacrosse California:Girls Elite Players 2025-2026		291.67	478828		N
SPL		DEPOSIT	01/18/2026	Liability Due to Customers:STEPS Lacrosse California	STEPS Lacrosse California:Girls Elite Players 2025-2026		-291.67	478828		N
ENDTRNS										
TRNS		DEPOSIT	01/18/2026	Checking	STEPS Lacrosse:Boys Elite Players 2025-2026		737.50	478825		N
SPL		DEPOSIT	01/18/2026	Liability Due to Customers:STEPS Lacrosse	STEPS Lacrosse:Boys Elite Players 2025-2026		-737.50	478825		N
ENDTRNS										
TRNS		DEPOSIT	01/18/2026	Checking	STEPS Lacrosse:Girls Elite Players 2025-2026		2450.00	478839		N
SPL		DEPOSIT	01/18/2026	Liability Due to Customers:STEPS Lacrosse	STEPS Lacrosse:Girls Elite Players 2025-2026		-2450.00	478839		N
ENDTRNS										
TRNS		DEPOSIT	01/18/2026	Checking	STEPS Lacrosse:Girls Elite Tryouts 2026-2027		93.15	478771		N
SPL		DEPOSIT	01/18/2026	Liability Due to Customers:STEPS Lacrosse	STEPS Lacrosse:Girls Elite Tryouts 2026-2027		-93.15	478771		N
ENDTRNS										
TRNS		DEPOSIT	01/18/2026	Checking	UM:Maryland Lacrosse Camps Summer 2026		1242.00	478801		N
SPL		DEPOSIT	01/18/2026	Liability Due to Customers:UM	UM:Maryland Lacrosse Camps Summer 2026		-1242.00	478801		N
ENDTRNS										
TRNS		DEPOSIT	01/18/2026	Checking	Yellow Jackets Mid-Atlantic:Camps and Clinics 2025-2026		25.88	478775		N
SPL		DEPOSIT	01/18/2026	Liability Due to Customers:Yellow Jackets Mid-Atlantic	Yellow Jackets Mid-Atlantic:Camps and Clinics 2025-2026		-25.88	478775		N
ENDTRNS										
TRNS		DEPOSIT	01/18/2026	Checking	Yellow Jackets Midwest:Camps and Clinics 2026		77.63	478673		N
SPL		DEPOSIT	01/18/2026	Liability Due to Customers:Yellow Jackets Midwest	Yellow Jackets Midwest:Camps and Clinics 2026		-77.63	478673		N
ENDTRNS										
TRNS		DEPOSIT	01/19/2026	Checking	All American Aim:Players 2025-2026		2715.00	478960		N
SPL		DEPOSIT	01/19/2026	Liability Due to Customers:All American Aim	All American Aim:Players 2025-2026		-2715.00	478960		N
ENDTRNS										
TRNS		DEPOSIT	01/19/2026	Checking	American Select Lacrosse:Colorado 2026		419.19	478921		N
SPL		DEPOSIT	01/19/2026	Liability Due to Customers:American Select Lacrosse	American Select Lacrosse:Colorado 2026		-419.19	478921		N
ENDTRNS										
TRNS		DEPOSIT	01/19/2026	Checking	American Select Lacrosse:Delaware 2026		139.73	478819		N
SPL		DEPOSIT	01/19/2026	Liability Due to Customers:American Select Lacrosse	American Select Lacrosse:Delaware 2026		-139.73	478819		N
ENDTRNS										
TRNS		DEPOSIT	01/19/2026	Checking	American Select Lacrosse:Long Island 2026		139.73	478821		N
SPL		DEPOSIT	01/19/2026	Liability Due to Customers:American Select Lacrosse	American Select Lacrosse:Long Island 2026		-139.73	478821		N
ENDTRNS										
TRNS		DEPOSIT	01/19/2026	Checking	American Select Lacrosse:Maryland 2026		419.19	478859		N
SPL		DEPOSIT	01/19/2026	Liability Due to Customers:American Select Lacrosse	American Select Lacrosse:Maryland 2026		-419.19	478859		N
ENDTRNS										
TRNS		DEPOSIT	01/19/2026	Checking	American Select Lacrosse:Massachusetts 2026		279.46	478880		N
SPL		DEPOSIT	01/19/2026	Liability Due to Customers:American Select Lacrosse	American Select Lacrosse:Massachusetts 2026		-279.46	478880		N
ENDTRNS										
TRNS		DEPOSIT	01/19/2026	Checking	American Select Lacrosse:New Jersey 2026		139.73	478865		N
SPL		DEPOSIT	01/19/2026	Liability Due to Customers:American Select Lacrosse	American Select Lacrosse:New Jersey 2026		-139.73	478865		N
ENDTRNS										
TRNS		DEPOSIT	01/19/2026	Checking	American Select Lacrosse:New York-Downstate 2026		139.73	478911		N
SPL		DEPOSIT	01/19/2026	Liability Due to Customers:American Select Lacrosse	American Select Lacrosse:New York-Downstate 2026		-139.73	478911		N
ENDTRNS										
TRNS		DEPOSIT	01/19/2026	Checking	American Select Lacrosse:NorCal 2026		279.46	478929		N
SPL		DEPOSIT	01/19/2026	Liability Due to Customers:American Select Lacrosse	American Select Lacrosse:NorCal 2026		-279.46	478929		N
ENDTRNS										
TRNS		DEPOSIT	01/19/2026	Checking	American Select Lacrosse:North Carolina 2026		139.73	478874		N
SPL		DEPOSIT	01/19/2026	Liability Due to Customers:American Select Lacrosse	American Select Lacrosse:North Carolina 2026		-139.73	478874		N
ENDTRNS										
TRNS		DEPOSIT	01/19/2026	Checking	American Select Lacrosse:North East 2026		558.92	478923		N
SPL		DEPOSIT	01/19/2026	Liability Due to Customers:American Select Lacrosse	American Select Lacrosse:North East 2026		-558.92	478923		N
ENDTRNS										
TRNS		DEPOSIT	01/19/2026	Checking	American Select Lacrosse:Pacific Northwest 2026		139.73	478816		N
SPL		DEPOSIT	01/19/2026	Liability Due to Customers:American Select Lacrosse	American Select Lacrosse:Pacific Northwest 2026		-139.73	478816		N
ENDTRNS										
TRNS		DEPOSIT	01/19/2026	Checking	American Select Lacrosse:Pennsylvania 2026		419.19	478922		N
SPL		DEPOSIT	01/19/2026	Liability Due to Customers:American Select Lacrosse	American Select Lacrosse:Pennsylvania 2026		-419.19	478922		N
ENDTRNS										
TRNS		DEPOSIT	01/19/2026	Checking	American Select Lacrosse:SoCal 2026		139.73	478822		N
SPL		DEPOSIT	01/19/2026	Liability Due to Customers:American Select Lacrosse	American Select Lacrosse:SoCal 2026		-139.73	478822		N
ENDTRNS										
TRNS		DEPOSIT	01/19/2026	Checking	Compass Noreaster Lacrosse:Ghost Games 2026		1552.50	478927		N
SPL		DEPOSIT	01/19/2026	Liability Due to Customers:Compass Noreaster Lacrosse	Compass Noreaster Lacrosse:Ghost Games 2026		-1552.50	478927		N
ENDTRNS										
TRNS		DEPOSIT	01/19/2026	Checking	D3 Lacrosse:Girls Summer Showcase (Maryland) 2026		388.13	478815		N
SPL		DEPOSIT	01/19/2026	Liability Due to Customers:D3 Lacrosse	D3 Lacrosse:Girls Summer Showcase (Maryland) 2026		-388.13	478815		N
ENDTRNS										
TRNS		DEPOSIT	01/19/2026	Checking	D3 Lacrosse:Girls Summer Showcase 2026		388.13	478875		N
SPL		DEPOSIT	01/19/2026	Liability Due to Customers:D3 Lacrosse	D3 Lacrosse:Girls Summer Showcase 2026		-388.13	478875		N
ENDTRNS										
TRNS		DEPOSIT	01/19/2026	Checking	LI Yellow Jackets:Clinics and Leagues 2025-2026		895.29	478862		N
SPL		DEPOSIT	01/19/2026	Liability Due to Customers:LI Yellow Jackets	LI Yellow Jackets:Clinics and Leagues 2025-2026		-895.29	478862		N
ENDTRNS										
TRNS		DEPOSIT	01/19/2026	Checking	LI Yellow Jackets:Players 2026		725.00	478855		N
SPL		DEPOSIT	01/19/2026	Liability Due to Customers:LI Yellow Jackets	LI Yellow Jackets:Players 2026		-725.00	478855		N
ENDTRNS										
TRNS		DEPOSIT	01/19/2026	Checking	Live Love Lax:Boys Summer 2026		621.00	478864		N
SPL		DEPOSIT	01/19/2026	Liability Due to Customers:Live Love Lax	Live Love Lax:Boys Summer 2026		-621.00	478864		N
ENDTRNS										
TRNS		DEPOSIT	01/19/2026	Checking	StateOne Lacrosse:Camps and Clinics 2026		481.29	478878		N
SPL		DEPOSIT	01/19/2026	Liability Due to Customers:StateOne Lacrosse	StateOne Lacrosse:Camps and Clinics 2026		-481.29	478878		N
ENDTRNS										
TRNS		DEPOSIT	01/19/2026	Checking	STEPS Lacrosse:Girls Elite Players 2025-2026		1170.00	478961		N
SPL		DEPOSIT	01/19/2026	Liability Due to Customers:STEPS Lacrosse	STEPS Lacrosse:Girls Elite Players 2025-2026		-1170.00	478961		N
ENDTRNS										
TRNS		DEPOSIT	01/19/2026	Checking	STEPS Lacrosse:Winter Training Programs 2026		621.00	478854		N
SPL		DEPOSIT	01/19/2026	Liability Due to Customers:STEPS Lacrosse	STEPS Lacrosse:Winter Training Programs 2026		-621.00	478854		N
ENDTRNS										
TRNS		DEPOSIT	01/19/2026	Checking	UM:Maryland Lacrosse Camps Summer 2026		3860.55	478879		N
SPL		DEPOSIT	01/19/2026	Liability Due to Customers:UM	UM:Maryland Lacrosse Camps Summer 2026		-3860.55	478879		N
ENDTRNS										
TRNS		DEPOSIT	01/19/2026	Checking	XPO:California 2026		750.38	478852		N
SPL		DEPOSIT	01/19/2026	Liability Due to Customers:XPO	XPO:California 2026		-750.38	478852		N
ENDTRNS										
TRNS		DEPOSIT	01/19/2026	Checking	Yellow Jackets Dutchess:Players 2025-2026		540.00	478951		N
SPL		DEPOSIT	01/19/2026	Liability Due to Customers:Yellow Jackets Dutchess	Yellow Jackets Dutchess:Players 2025-2026		-540.00	478951		N
ENDTRNS										
TRNS		DEPOSIT	01/19/2026	Checking	Yellow Jackets Midwest:Camps and Clinics 2026		232.89	478867		N
SPL		DEPOSIT	01/19/2026	Liability Due to Customers:Yellow Jackets Midwest	Yellow Jackets Midwest:Camps and Clinics 2026		-232.89	478867		N
ENDTRNS										
TRNS		DEPOSIT	01/20/2026	Checking	All American Aim:Players 2025-2026		2600.00	479281		N
SPL		DEPOSIT	01/20/2026	Liability Due to Customers:All American Aim	All American Aim:Players 2025-2026		-2600.00	479281		N
ENDTRNS										
TRNS		DEPOSIT	01/20/2026	Checking	American Select Lacrosse:Colorado 2026		558.92	479120		N
SPL		DEPOSIT	01/20/2026	Liability Due to Customers:American Select Lacrosse	American Select Lacrosse:Colorado 2026		-558.92	479120		N
ENDTRNS										
TRNS		DEPOSIT	01/20/2026	Checking	American Select Lacrosse:Delaware 2026		139.73	479091		N
SPL		DEPOSIT	01/20/2026	Liability Due to Customers:American Select Lacrosse	American Select Lacrosse:Delaware 2026		-139.73	479091		N
ENDTRNS										
TRNS		DEPOSIT	01/20/2026	Checking	American Select Lacrosse:INDIVIDUAL Showcase 2026		269.10	479074		N
SPL		DEPOSIT	01/20/2026	Liability Due to Customers:American Select Lacrosse	American Select Lacrosse:INDIVIDUAL Showcase 2026		-269.10	479074		N
ENDTRNS										
TRNS		DEPOSIT	01/20/2026	Checking	American Select Lacrosse:Long Island 2026		1537.03	479133		N
SPL		DEPOSIT	01/20/2026	Liability Due to Customers:American Select Lacrosse	American Select Lacrosse:Long Island 2026		-1537.03	479133		N
ENDTRNS										
TRNS		DEPOSIT	01/20/2026	Checking	American Select Lacrosse:Main Event 2026		13455.00	479138		N
SPL		DEPOSIT	01/20/2026	Liability Due to Customers:American Select Lacrosse	American Select Lacrosse:Main Event 2026		-13455.00	479138		N
ENDTRNS										
TRNS		DEPOSIT	01/20/2026	Checking	American Select Lacrosse:Maryland 2026		139.73	478962		N
SPL		DEPOSIT	01/20/2026	Liability Due to Customers:American Select Lacrosse	American Select Lacrosse:Maryland 2026		-139.73	478962		N
ENDTRNS										
TRNS		DEPOSIT	01/20/2026	Checking	American Select Lacrosse:Massachusetts 2026		1257.57	479122		N
SPL		DEPOSIT	01/20/2026	Liability Due to Customers:American Select Lacrosse	American Select Lacrosse:Massachusetts 2026		-1257.57	479122		N
ENDTRNS										
TRNS		DEPOSIT	01/20/2026	Checking	American Select Lacrosse:New Jersey 2026		419.19	479073		N
SPL		DEPOSIT	01/20/2026	Liability Due to Customers:American Select Lacrosse	American Select Lacrosse:New Jersey 2026		-419.19	479073		N
ENDTRNS										
TRNS		DEPOSIT	01/20/2026	Checking	American Select Lacrosse:New York-Downstate 2026		279.46	479080		N
SPL		DEPOSIT	01/20/2026	Liability Due to Customers:American Select Lacrosse	American Select Lacrosse:New York-Downstate 2026		-279.46	479080		N
ENDTRNS										
TRNS		DEPOSIT	01/20/2026	Checking	American Select Lacrosse:NorCal 2026		279.46	479090		N
SPL		DEPOSIT	01/20/2026	Liability Due to Customers:American Select Lacrosse	American Select Lacrosse:NorCal 2026		-279.46	479090		N
ENDTRNS										
TRNS		DEPOSIT	01/20/2026	Checking	American Select Lacrosse:North Carolina 2026		419.19	479033		N
SPL		DEPOSIT	01/20/2026	Liability Due to Customers:American Select Lacrosse	American Select Lacrosse:North Carolina 2026		-419.19	479033		N
ENDTRNS										
TRNS		DEPOSIT	01/20/2026	Checking	American Select Lacrosse:North East 2026		558.92	479083		N
SPL		DEPOSIT	01/20/2026	Liability Due to Customers:American Select Lacrosse	American Select Lacrosse:North East 2026		-558.92	479083		N
ENDTRNS										
TRNS		DEPOSIT	01/20/2026	Checking	American Select Lacrosse:Pennsylvania 2026		1816.49	479126		N
SPL		DEPOSIT	01/20/2026	Liability Due to Customers:American Select Lacrosse	American Select Lacrosse:Pennsylvania 2026		-1816.49	479126		N
ENDTRNS										
TRNS		DEPOSIT	01/20/2026	Checking	American Select Lacrosse:SoCal 2026		279.46	479112		N
SPL		DEPOSIT	01/20/2026	Liability Due to Customers:American Select Lacrosse	American Select Lacrosse:SoCal 2026		-279.46	479112		N
ENDTRNS										
TRNS		DEPOSIT	01/20/2026	Checking	D3 Lacrosse:Girls Summer Showcase (Maryland) 2026		388.13	478933		N
SPL		DEPOSIT	01/20/2026	Liability Due to Customers:D3 Lacrosse	D3 Lacrosse:Girls Summer Showcase (Maryland) 2026		-388.13	478933		N
ENDTRNS										
TRNS		DEPOSIT	01/20/2026	Checking	G8:Summer 2026		13248.00	479065		N
SPL		DEPOSIT	01/20/2026	Liability Due to Customers:G8	G8:Summer 2026		-13248.00	479065		N
ENDTRNS										
TRNS		DEPOSIT	01/20/2026	Checking	Jr Pioneer Basketball:Spring Training 2026		309.47	479022		N
SPL		DEPOSIT	01/20/2026	Liability Due to Customers:Jr Pioneer Basketball	Jr Pioneer Basketball:Spring Training 2026		-309.47	479022		N
ENDTRNS										
TRNS		DEPOSIT	01/20/2026	Checking	Lax By The Sea:Summer 2026		10764.00	479061		N
SPL		DEPOSIT	01/20/2026	Liability Due to Customers:Lax By The Sea	Lax By The Sea:Summer 2026		-10764.00	479061		N
ENDTRNS										
TRNS		DEPOSIT	01/20/2026	Checking	Lax For The Cure:Individual Showcase 2026		284.63	479050		N
SPL		DEPOSIT	01/20/2026	Liability Due to Customers:Lax For The Cure	Lax For The Cure:Individual Showcase 2026		-284.63	479050		N
ENDTRNS										
TRNS		DEPOSIT	01/20/2026	Checking	Lax For The Cure:Summer 2026		26392.50	479088		N
SPL		DEPOSIT	01/20/2026	Liability Due to Customers:Lax For The Cure	Lax For The Cure:Summer 2026		-26392.50	479088		N
ENDTRNS										
TRNS		DEPOSIT	01/20/2026	Checking	LI Yellow Jackets:Clinics and Leagues 2025-2026		853.89	479106		N
SPL		DEPOSIT	01/20/2026	Liability Due to Customers:LI Yellow Jackets	LI Yellow Jackets:Clinics and Leagues 2025-2026		-853.89	479106		N
ENDTRNS										
TRNS		DEPOSIT	01/20/2026	Checking	LI Yellow Jackets:Players 2026		2484.00	479047		N
SPL		DEPOSIT	01/20/2026	Liability Due to Customers:LI Yellow Jackets	LI Yellow Jackets:Players 2026		-2484.00	479047		N
ENDTRNS										
TRNS		DEPOSIT	01/20/2026	Checking	Live Love Lax:Girls Summer 2026		20493.00	479058		N
SPL		DEPOSIT	01/20/2026	Liability Due to Customers:Live Love Lax	Live Love Lax:Girls Summer 2026		-20493.00	479058		N
ENDTRNS										
TRNS		DEPOSIT	01/20/2026	Checking	Maryland Cup:Summer Showcase 2026		16663.50	479046		N
SPL		DEPOSIT	01/20/2026	Liability Due to Customers:Maryland Cup	Maryland Cup:Summer Showcase 2026		-16663.50	479046		N
ENDTRNS										
TRNS		DEPOSIT	01/20/2026	Checking	Mendham Girls Basketball:Summer Camp 2026		517.50	479024		N
SPL		DEPOSIT	01/20/2026	Liability Due to Customers:Mendham Girls Basketball	Mendham Girls Basketball:Summer Camp 2026		-517.50	479024		N
ENDTRNS										
TRNS		DEPOSIT	01/20/2026	Checking	StateOne Lacrosse:Camps and Clinics 2026		988.43	479079		N
SPL		DEPOSIT	01/20/2026	Liability Due to Customers:StateOne Lacrosse	StateOne Lacrosse:Camps and Clinics 2026		-988.43	479079		N
ENDTRNS										
TRNS		DEPOSIT	01/20/2026	Checking	STEPS Lacrosse California:Girls Elite Players 2025-2026		2120.00	479136		N
SPL		DEPOSIT	01/20/2026	Liability Due to Customers:STEPS Lacrosse California	STEPS Lacrosse California:Girls Elite Players 2025-2026		-2120.00	479136		N
ENDTRNS										
TRNS		DEPOSIT	01/20/2026	Checking	STEPS Lacrosse:Boys Elite Players 2025-2026		405.00	479092		N
SPL		DEPOSIT	01/20/2026	Liability Due to Customers:STEPS Lacrosse	STEPS Lacrosse:Boys Elite Players 2025-2026		-405.00	479092		N
ENDTRNS										
TRNS		DEPOSIT	01/20/2026	Checking	STEPS Lacrosse:Girls Elite Players 2025-2026		28175.00	479279		N
SPL		DEPOSIT	01/20/2026	Liability Due to Customers:STEPS Lacrosse	STEPS Lacrosse:Girls Elite Players 2025-2026		-28175.00	479279		N
ENDTRNS										
TRNS		DEPOSIT	01/20/2026	Checking	STEPS Lacrosse:Girls Elite Tryouts 2026-2027		186.30	479072		N
SPL		DEPOSIT	01/20/2026	Liability Due to Customers:STEPS Lacrosse	STEPS Lacrosse:Girls Elite Tryouts 2026-2027		-186.30	479072		N
ENDTRNS										
TRNS		DEPOSIT	01/20/2026	Checking	STEPS Lacrosse:Summer Programs 2026		1138.52	479089		N
SPL		DEPOSIT	01/20/2026	Liability Due to Customers:STEPS Lacrosse	STEPS Lacrosse:Summer Programs 2026		-1138.52	479089		N
ENDTRNS										
TRNS		DEPOSIT	01/20/2026	Checking	UM:Independent Club Playday 2026		776.25	479097		N
SPL		DEPOSIT	01/20/2026	Liability Due to Customers:UM	UM:Independent Club Playday 2026		-776.25	479097		N
ENDTRNS										
TRNS		DEPOSIT	01/20/2026	Checking	UM:Maryland Lacrosse Camps Summer 2026		3803.64	479101		N
SPL		DEPOSIT	01/20/2026	Liability Due to Customers:UM	UM:Maryland Lacrosse Camps Summer 2026		-3803.64	479101		N
ENDTRNS										
TRNS		DEPOSIT	01/20/2026	Checking	XPO:California 2026		750.38	479130		N
SPL		DEPOSIT	01/20/2026	Liability Due to Customers:XPO	XPO:California 2026		-750.38	479130		N
ENDTRNS										
TRNS		DEPOSIT	01/20/2026	Checking	Yellow Jackets Midwest:Camps and Clinics 2026		155.26	479108		N
SPL		DEPOSIT	01/20/2026	Liability Due to Customers:Yellow Jackets Midwest	Yellow Jackets Midwest:Camps and Clinics 2026		-155.26	479108		N
ENDTRNS										
TRNS		DEPOSIT	01/20/2026	Checking	Yellow Jackets North:Players 2025-2026		1250.00	479223		N
SPL		DEPOSIT	01/20/2026	Liability Due to Customers:Yellow Jackets North	Yellow Jackets North:Players 2025-2026		-1250.00	479223		N
ENDTRNS										
TRNS		DEPOSIT	01/21/2026	Checking	All American Aim:Players 2025-2026		625.00	479505		N
SPL		DEPOSIT	01/21/2026	Liability Due to Customers:All American Aim	All American Aim:Players 2025-2026		-625.00	479505		N
ENDTRNS										
TRNS		DEPOSIT	01/21/2026	Checking	American Select Lacrosse:Colorado 2026		558.92	479324		N
SPL		DEPOSIT	01/21/2026	Liability Due to Customers:American Select Lacrosse	American Select Lacrosse:Colorado 2026		-558.92	479324		N
ENDTRNS										
TRNS		DEPOSIT	01/21/2026	Checking	American Select Lacrosse:Delaware 2026		139.73	479322		N
SPL		DEPOSIT	01/21/2026	Liability Due to Customers:American Select Lacrosse	American Select Lacrosse:Delaware 2026		-139.73	479322		N
ENDTRNS										
TRNS		DEPOSIT	01/21/2026	Checking	American Select Lacrosse:Georgia 2026		419.19	479395		N
SPL		DEPOSIT	01/21/2026	Liability Due to Customers:American Select Lacrosse	American Select Lacrosse:Georgia 2026		-419.19	479395		N
ENDTRNS										
TRNS		DEPOSIT	01/21/2026	Checking	American Select Lacrosse:INDIVIDUAL Showcase 2026		1076.40	479330		N
SPL		DEPOSIT	01/21/2026	Liability Due to Customers:American Select Lacrosse	American Select Lacrosse:INDIVIDUAL Showcase 2026		-1076.40	479330		N
ENDTRNS										
TRNS		DEPOSIT	01/21/2026	Checking	American Select Lacrosse:Long Island 2026		838.38	479365		N
SPL		DEPOSIT	01/21/2026	Liability Due to Customers:American Select Lacrosse	American Select Lacrosse:Long Island 2026		-838.38	479365		N
ENDTRNS										
TRNS		DEPOSIT	01/21/2026	Checking	American Select Lacrosse:Main Event 2026		58529.25	479443		N
SPL		DEPOSIT	01/21/2026	Liability Due to Customers:American Select Lacrosse	American Select Lacrosse:Main Event 2026		-58529.25	479443		N
ENDTRNS										
TRNS		DEPOSIT	01/21/2026	Checking	American Select Lacrosse:Maryland 2026		139.73	479370		N
SPL		DEPOSIT	01/21/2026	Liability Due to Customers:American Select Lacrosse	American Select Lacrosse:Maryland 2026		-139.73	479370		N
ENDTRNS										
TRNS		DEPOSIT	01/21/2026	Checking	American Select Lacrosse:Massachusetts 2026		698.65	479375		N
SPL		DEPOSIT	01/21/2026	Liability Due to Customers:American Select Lacrosse	American Select Lacrosse:Massachusetts 2026		-698.65	479375		N
ENDTRNS										
TRNS		DEPOSIT	01/21/2026	Checking	American Select Lacrosse:New Jersey 2026		838.38	479435		N
SPL		DEPOSIT	01/21/2026	Liability Due to Customers:American Select Lacrosse	American Select Lacrosse:New Jersey 2026		-838.38	479435		N
ENDTRNS										
TRNS		DEPOSIT	01/21/2026	Checking	American Select Lacrosse:New York-Downstate 2026		279.46	479424		N
SPL		DEPOSIT	01/21/2026	Liability Due to Customers:American Select Lacrosse	American Select Lacrosse:New York-Downstate 2026		-279.46	479424		N
ENDTRNS										
TRNS		DEPOSIT	01/21/2026	Checking	American Select Lacrosse:NorCal 2026		698.65	479434		N
SPL		DEPOSIT	01/21/2026	Liability Due to Customers:American Select Lacrosse	American Select Lacrosse:NorCal 2026		-698.65	479434		N
ENDTRNS										
TRNS		DEPOSIT	01/21/2026	Checking	American Select Lacrosse:North Carolina 2026		139.73	479329		N
SPL		DEPOSIT	01/21/2026	Liability Due to Customers:American Select Lacrosse	American Select Lacrosse:North Carolina 2026		-139.73	479329		N
ENDTRNS										
TRNS		DEPOSIT	01/21/2026	Checking	American Select Lacrosse:North East 2026		419.19	479369		N
SPL		DEPOSIT	01/21/2026	Liability Due to Customers:American Select Lacrosse	American Select Lacrosse:North East 2026		-419.19	479369		N
ENDTRNS										
TRNS		DEPOSIT	01/21/2026	Checking	American Select Lacrosse:Pacific Northwest 2026		139.73	479179		N
SPL		DEPOSIT	01/21/2026	Liability Due to Customers:American Select Lacrosse	American Select Lacrosse:Pacific Northwest 2026		-139.73	479179		N
ENDTRNS										
TRNS		DEPOSIT	01/21/2026	Checking	American Select Lacrosse:Pennsylvania 2026		1676.76	479439		N
SPL		DEPOSIT	01/21/2026	Liability Due to Customers:American Select Lacrosse	American Select Lacrosse:Pennsylvania 2026		-1676.76	479439		N
ENDTRNS										
TRNS		DEPOSIT	01/21/2026	Checking	American Select Lacrosse:SoCal 2026		1117.84	479426		N
SPL		DEPOSIT	01/21/2026	Liability Due to Customers:American Select Lacrosse	American Select Lacrosse:SoCal 2026		-1117.84	479426		N
ENDTRNS										
TRNS		DEPOSIT	01/21/2026	Checking	Lax By The Sea:Summer 2026		15939.00	479431		N
SPL		DEPOSIT	01/21/2026	Liability Due to Customers:Lax By The Sea	Lax By The Sea:Summer 2026		-15939.00	479431		N
ENDTRNS										
TRNS		DEPOSIT	01/21/2026	Checking	Lax For The Cure:Individual Showcase 2026		284.63	479202		N
SPL		DEPOSIT	01/21/2026	Liability Due to Customers:Lax For The Cure	Lax For The Cure:Individual Showcase 2026		-284.63	479202		N
ENDTRNS										
TRNS		DEPOSIT	01/21/2026	Checking	Lax For The Cure:Summer 2026		54544.50	479416		N
SPL		DEPOSIT	01/21/2026	Liability Due to Customers:Lax For The Cure	Lax For The Cure:Summer 2026		-54544.50	479416		N
ENDTRNS										
TRNS		DEPOSIT	01/21/2026	Checking	Live Love Lax Showcase:Individual Event 2026		258.75	479441		N
SPL		DEPOSIT	01/21/2026	Liability Due to Customers:Live Love Lax Showcase	Live Love Lax Showcase:Individual Event 2026		-258.75	479441		N
ENDTRNS										
TRNS		DEPOSIT	01/21/2026	Checking	Live Love Lax:Girls Summer 2026		20493.00	479423		N
SPL		DEPOSIT	01/21/2026	Liability Due to Customers:Live Love Lax	Live Love Lax:Girls Summer 2026		-20493.00	479423		N
ENDTRNS										
TRNS		DEPOSIT	01/21/2026	Checking	Maryland Cup:Summer Showcase 2026		1242.00	479380		N
SPL		DEPOSIT	01/21/2026	Liability Due to Customers:Maryland Cup	Maryland Cup:Summer Showcase 2026		-1242.00	479380		N
ENDTRNS										
TRNS		DEPOSIT	01/21/2026	Checking	Premier Lacrosse:Camps and Clinics 2026		1732.61	479445		N
SPL		DEPOSIT	01/21/2026	Liability Due to Customers:Premier Lacrosse	Premier Lacrosse:Camps and Clinics 2026		-1732.61	479445		N
ENDTRNS										
TRNS		DEPOSIT	01/21/2026	Checking	StateOne Lacrosse:Camps and Clinics 2026		688.29	479387		N
SPL		DEPOSIT	01/21/2026	Liability Due to Customers:StateOne Lacrosse	StateOne Lacrosse:Camps and Clinics 2026		-688.29	479387		N
ENDTRNS										
TRNS		DEPOSIT	01/21/2026	Checking	STEPS Lacrosse California:Girls Elite Players 2025-2026		20475.00	479541		N
SPL		DEPOSIT	01/21/2026	Liability Due to Customers:STEPS Lacrosse California	STEPS Lacrosse California:Girls Elite Players 2025-2026		-20475.00	479541		N
ENDTRNS										
TRNS		DEPOSIT	01/21/2026	Checking	STEPS Lacrosse:Fall Rodeo at Rider University 2026		517.50	479376		N
SPL		DEPOSIT	01/21/2026	Liability Due to Customers:STEPS Lacrosse	STEPS Lacrosse:Fall Rodeo at Rider University 2026		-517.50	479376		N
ENDTRNS										
TRNS		DEPOSIT	01/21/2026	Checking	STEPS Lacrosse:Girls Elite Players 2025-2026		28905.00	479563		N
SPL		DEPOSIT	01/21/2026	Liability Due to Customers:STEPS Lacrosse	STEPS Lacrosse:Girls Elite Players 2025-2026		-28905.00	479563		N
ENDTRNS										
TRNS		DEPOSIT	01/21/2026	Checking	UM:Maryland Lacrosse Camps Summer 2026		3130.88	479397		N
SPL		DEPOSIT	01/21/2026	Liability Due to Customers:UM	UM:Maryland Lacrosse Camps Summer 2026		-3130.88	479397		N
ENDTRNS										
TRNS		DEPOSIT	01/21/2026	Checking	UM:Player Clinic 2026		155.25	479182		N
SPL		DEPOSIT	01/21/2026	Liability Due to Customers:UM	UM:Player Clinic 2026		-155.25	479182		N
ENDTRNS										
TRNS		DEPOSIT	01/21/2026	Checking	Yellow Jackets Midwest:Camps and Clinics 2026		77.63	479149		N
SPL		DEPOSIT	01/21/2026	Liability Due to Customers:Yellow Jackets Midwest	Yellow Jackets Midwest:Camps and Clinics 2026		-77.63	479149		N
ENDTRNS										
TRNS		DEPOSIT	01/21/2026	Checking	Yellow Jackets North:Players 2025-2026		744.00	479480		N
SPL		DEPOSIT	01/21/2026	Liability Due to Customers:Yellow Jackets North	Yellow Jackets North:Players 2025-2026		-744.00	479480		N
ENDTRNS										
TRNS		DEPOSIT	01/21/2026	Checking	Yellow Jackets North:Tryouts 2026-2027		98.33	479377		N
SPL		DEPOSIT	01/21/2026	Liability Due to Customers:Yellow Jackets North	Yellow Jackets North:Tryouts 2026-2027		-98.33	479377		N
ENDTRNS										
TRNS		DEPOSIT	01/22/2026	Checking	American Select Lacrosse:Georgia 2026		279.46	479631		N
SPL		DEPOSIT	01/22/2026	Liability Due to Customers:American Select Lacrosse	American Select Lacrosse:Georgia 2026		-279.46	479631		N
ENDTRNS										
TRNS		DEPOSIT	01/22/2026	Checking	American Select Lacrosse:Long Island 2026		419.19	479605		N
SPL		DEPOSIT	01/22/2026	Liability Due to Customers:American Select Lacrosse	American Select Lacrosse:Long Island 2026		-419.19	479605		N
ENDTRNS										
TRNS		DEPOSIT	01/22/2026	Checking	American Select Lacrosse:Main Event 2026		30273.75	479634		N
SPL		DEPOSIT	01/22/2026	Liability Due to Customers:American Select Lacrosse	American Select Lacrosse:Main Event 2026		-30273.75	479634		N
ENDTRNS										
TRNS		DEPOSIT	01/22/2026	Checking	American Select Lacrosse:Massachusetts 2026		558.92	479636		N
SPL		DEPOSIT	01/22/2026	Liability Due to Customers:American Select Lacrosse	American Select Lacrosse:Massachusetts 2026		-558.92	479636		N
ENDTRNS										
TRNS		DEPOSIT	01/22/2026	Checking	American Select Lacrosse:New Jersey 2026		1117.84	479609		N
SPL		DEPOSIT	01/22/2026	Liability Due to Customers:American Select Lacrosse	American Select Lacrosse:New Jersey 2026		-1117.84	479609		N
ENDTRNS										
TRNS		DEPOSIT	01/22/2026	Checking	American Select Lacrosse:New York-Downstate 2026		279.46	479632		N
SPL		DEPOSIT	01/22/2026	Liability Due to Customers:American Select Lacrosse	American Select Lacrosse:New York-Downstate 2026		-279.46	479632		N
ENDTRNS										
TRNS		DEPOSIT	01/22/2026	Checking	American Select Lacrosse:NorCal 2026		279.46	479612		N
SPL		DEPOSIT	01/22/2026	Liability Due to Customers:American Select Lacrosse	American Select Lacrosse:NorCal 2026		-279.46	479612		N
ENDTRNS										
TRNS		DEPOSIT	01/22/2026	Checking	American Select Lacrosse:North Carolina 2026		279.46	479583		N
SPL		DEPOSIT	01/22/2026	Liability Due to Customers:American Select Lacrosse	American Select Lacrosse:North Carolina 2026		-279.46	479583		N
ENDTRNS										
TRNS		DEPOSIT	01/22/2026	Checking	American Select Lacrosse:North East 2026		139.73	479578		N
SPL		DEPOSIT	01/22/2026	Liability Due to Customers:American Select Lacrosse	American Select Lacrosse:North East 2026		-139.73	479578		N
ENDTRNS										
TRNS		DEPOSIT	01/22/2026	Checking	American Select Lacrosse:Pacific Northwest 2026		139.73	479623		N
SPL		DEPOSIT	01/22/2026	Liability Due to Customers:American Select Lacrosse	American Select Lacrosse:Pacific Northwest 2026		-139.73	479623		N
ENDTRNS										
TRNS		DEPOSIT	01/22/2026	Checking	American Select Lacrosse:Pennsylvania 2026		139.73	479464		N
SPL		DEPOSIT	01/22/2026	Liability Due to Customers:American Select Lacrosse	American Select Lacrosse:Pennsylvania 2026		-139.73	479464		N
ENDTRNS										
TRNS		DEPOSIT	01/22/2026	Checking	American Select Lacrosse:SoCal 2026		419.19	479607		N
SPL		DEPOSIT	01/22/2026	Liability Due to Customers:American Select Lacrosse	American Select Lacrosse:SoCal 2026		-419.19	479607		N
ENDTRNS										
TRNS		DEPOSIT	01/22/2026	Checking	G8:Summer 2026		14697.00	479602		N
SPL		DEPOSIT	01/22/2026	Liability Due to Customers:G8	G8:Summer 2026		-14697.00	479602		N
ENDTRNS										
TRNS		DEPOSIT	01/22/2026	Checking	Lax For The Cure:Summer 2026		1759.50	479585		N
SPL		DEPOSIT	01/22/2026	Liability Due to Customers:Lax For The Cure	Lax For The Cure:Summer 2026		-1759.50	479585		N
ENDTRNS										
TRNS		DEPOSIT	01/22/2026	Checking	LI Yellow Jackets:Players 2026		2025.00	479451		N
SPL		DEPOSIT	01/22/2026	Liability Due to Customers:LI Yellow Jackets	LI Yellow Jackets:Players 2026		-2025.00	479451		N
ENDTRNS										
TRNS		DEPOSIT	01/22/2026	Checking	StateOne Lacrosse:Camps and Clinics 2026		424.36	479619		N
SPL		DEPOSIT	01/22/2026	Liability Due to Customers:StateOne Lacrosse	StateOne Lacrosse:Camps and Clinics 2026		-424.36	479619		N
ENDTRNS										
TRNS		DEPOSIT	01/22/2026	Checking	STEPS Lacrosse California:Girls Elite Players 2025-2026		10925.00	479693		N
SPL		DEPOSIT	01/22/2026	Liability Due to Customers:STEPS Lacrosse California	STEPS Lacrosse California:Girls Elite Players 2025-2026		-10925.00	479693		N
ENDTRNS										
TRNS		DEPOSIT	01/22/2026	Checking	STEPS Lacrosse:Boys Elite Players 2025-2026		810.00	479675		N
SPL		DEPOSIT	01/22/2026	Liability Due to Customers:STEPS Lacrosse	STEPS Lacrosse:Boys Elite Players 2025-2026		-810.00	479675		N
ENDTRNS										
TRNS		DEPOSIT	01/22/2026	Checking	STEPS Lacrosse:Girls Elite Players 2025-2026		10760.00	479698		N
SPL		DEPOSIT	01/22/2026	Liability Due to Customers:STEPS Lacrosse	STEPS Lacrosse:Girls Elite Players 2025-2026		-10760.00	479698		N
ENDTRNS										
TRNS		DEPOSIT	01/22/2026	Checking	STEPS Lacrosse:Summer Programs 2026		569.26	479630		N
SPL		DEPOSIT	01/22/2026	Liability Due to Customers:STEPS Lacrosse	STEPS Lacrosse:Summer Programs 2026		-569.26	479630		N
ENDTRNS										
TRNS		DEPOSIT	01/22/2026	Checking	The Players Series:Girls Summer Showcase 2026		615.83	479471		N
SPL		DEPOSIT	01/22/2026	Liability Due to Customers:The Players Series	The Players Series:Girls Summer Showcase 2026		-615.83	479471		N
ENDTRNS										
TRNS		DEPOSIT	01/22/2026	Checking	UM:Maryland Lacrosse Camps Summer 2026		1914.76	479604		N
SPL		DEPOSIT	01/22/2026	Liability Due to Customers:UM	UM:Maryland Lacrosse Camps Summer 2026		-1914.76	479604		N
ENDTRNS										
TRNS		DEPOSIT	01/22/2026	Checking	UM:Player Clinic 2026		155.25	479478		N
SPL		DEPOSIT	01/22/2026	Liability Due to Customers:UM	UM:Player Clinic 2026		-155.25	479478		N
ENDTRNS										
TRNS		DEPOSIT	01/22/2026	Checking	XPO:California 2026		750.38	479629		N
SPL		DEPOSIT	01/22/2026	Liability Due to Customers:XPO	XPO:California 2026		-750.38	479629		N
ENDTRNS										
TRNS		DEPOSIT	01/22/2026	Checking	XPO:NJ Girls June 2026		408.83	479448		N
SPL		DEPOSIT	01/22/2026	Liability Due to Customers:XPO	XPO:NJ Girls June 2026		-408.83	479448		N
ENDTRNS										
TRNS		DEPOSIT	01/22/2026	Checking	Yellow Jackets Midwest:Camps and Clinics 2026		155.26	479633		N
SPL		DEPOSIT	01/22/2026	Liability Due to Customers:Yellow Jackets Midwest	Yellow Jackets Midwest:Camps and Clinics 2026		-155.26	479633		N
ENDTRNS										
TRNS		DEPOSIT	01/23/2026	Checking	All American Aim:Players 2025-2026		10320.00	479813		N
SPL		DEPOSIT	01/23/2026	Liability Due to Customers:All American Aim	All American Aim:Players 2025-2026		-10320.00	479813		N
ENDTRNS										
TRNS		DEPOSIT	01/23/2026	Checking	American Select Lacrosse:Colorado 2026		139.73	479715		N
SPL		DEPOSIT	01/23/2026	Liability Due to Customers:American Select Lacrosse	American Select Lacrosse:Colorado 2026		-139.73	479715		N
ENDTRNS										
TRNS		DEPOSIT	01/23/2026	Checking	American Select Lacrosse:Georgia 2026		419.19	479724		N
SPL		DEPOSIT	01/23/2026	Liability Due to Customers:American Select Lacrosse	American Select Lacrosse:Georgia 2026		-419.19	479724		N
ENDTRNS										
TRNS		DEPOSIT	01/23/2026	Checking	American Select Lacrosse:Long Island 2026		279.46	479653		N
SPL		DEPOSIT	01/23/2026	Liability Due to Customers:American Select Lacrosse	American Select Lacrosse:Long Island 2026		-279.46	479653		N
ENDTRNS										
TRNS		DEPOSIT	01/23/2026	Checking	American Select Lacrosse:Main Event 2026		4709.25	479733		N
SPL		DEPOSIT	01/23/2026	Liability Due to Customers:American Select Lacrosse	American Select Lacrosse:Main Event 2026		-4709.25	479733		N
ENDTRNS										
TRNS		DEPOSIT	01/23/2026	Checking	American Select Lacrosse:Maryland 2026		419.19	479714		N
SPL		DEPOSIT	01/23/2026	Liability Due to Customers:American Select Lacrosse	American Select Lacrosse:Maryland 2026		-419.19	479714		N
ENDTRNS										
TRNS		DEPOSIT	01/23/2026	Checking	American Select Lacrosse:New Jersey 2026		139.73	479707		N
SPL		DEPOSIT	01/23/2026	Liability Due to Customers:American Select Lacrosse	American Select Lacrosse:New Jersey 2026		-139.73	479707		N
ENDTRNS										
TRNS		DEPOSIT	01/23/2026	Checking	American Select Lacrosse:New York-Downstate 2026		279.46	479656		N
SPL		DEPOSIT	01/23/2026	Liability Due to Customers:American Select Lacrosse	American Select Lacrosse:New York-Downstate 2026		-279.46	479656		N
ENDTRNS										
TRNS		DEPOSIT	01/23/2026	Checking	American Select Lacrosse:NorCal 2026		279.46	479657		N
SPL		DEPOSIT	01/23/2026	Liability Due to Customers:American Select Lacrosse	American Select Lacrosse:NorCal 2026		-279.46	479657		N
ENDTRNS										
TRNS		DEPOSIT	01/23/2026	Checking	American Select Lacrosse:North Carolina 2026		139.73	479700		N
SPL		DEPOSIT	01/23/2026	Liability Due to Customers:American Select Lacrosse	American Select Lacrosse:North Carolina 2026		-139.73	479700		N
ENDTRNS										
TRNS		DEPOSIT	01/23/2026	Checking	American Select Lacrosse:North East 2026		139.73	479654		N
SPL		DEPOSIT	01/23/2026	Liability Due to Customers:American Select Lacrosse	American Select Lacrosse:North East 2026		-139.73	479654		N
ENDTRNS										
TRNS		DEPOSIT	01/23/2026	Checking	American Select Lacrosse:Pacific Northwest 2026		139.73	479658		N
SPL		DEPOSIT	01/23/2026	Liability Due to Customers:American Select Lacrosse	American Select Lacrosse:Pacific Northwest 2026		-139.73	479658		N
ENDTRNS										
TRNS		DEPOSIT	01/23/2026	Checking	American Select Lacrosse:Pennsylvania 2026		139.73	479702		N
SPL		DEPOSIT	01/23/2026	Liability Due to Customers:American Select Lacrosse	American Select Lacrosse:Pennsylvania 2026		-139.73	479702		N
ENDTRNS										
TRNS		DEPOSIT	01/23/2026	Checking	American Select Lacrosse:SoCal 2026		139.73	479639		N
SPL		DEPOSIT	01/23/2026	Liability Due to Customers:American Select Lacrosse	American Select Lacrosse:SoCal 2026		-139.73	479639		N
ENDTRNS										
TRNS		DEPOSIT	01/23/2026	Checking	Live Love Lax:Girls Summer 2026		9936.00	479729		N
SPL		DEPOSIT	01/23/2026	Liability Due to Customers:Live Love Lax	Live Love Lax:Girls Summer 2026		-9936.00	479729		N
ENDTRNS										
TRNS		DEPOSIT	01/23/2026	Checking	Mendham Girls Basketball:Summer Camp 2026		258.75	479703		N
SPL		DEPOSIT	01/23/2026	Liability Due to Customers:Mendham Girls Basketball	Mendham Girls Basketball:Summer Camp 2026		-258.75	479703		N
ENDTRNS										
TRNS		DEPOSIT	01/23/2026	Checking	StateOne Lacrosse:Camps and Clinics 2026		1330.01	479716		N
SPL		DEPOSIT	01/23/2026	Liability Due to Customers:StateOne Lacrosse	StateOne Lacrosse:Camps and Clinics 2026		-1330.01	479716		N
ENDTRNS										
TRNS		DEPOSIT	01/23/2026	Checking	STEPS Lacrosse California:Girls Elite Players 2025-2026		7556.67	479812		N
SPL		DEPOSIT	01/23/2026	Liability Due to Customers:STEPS Lacrosse California	STEPS Lacrosse California:Girls Elite Players 2025-2026		-7556.67	479812		N
ENDTRNS										
TRNS		DEPOSIT	01/23/2026	Checking	STEPS Lacrosse:Girls Elite Tryouts 2026-2027		93.15	479713		N
SPL		DEPOSIT	01/23/2026	Liability Due to Customers:STEPS Lacrosse	STEPS Lacrosse:Girls Elite Tryouts 2026-2027		-93.15	479713		N
ENDTRNS										
TRNS		DEPOSIT	01/23/2026	Checking	UM:Maryland Lacrosse Camps Summer 2026		2209.73	479734		N
SPL		DEPOSIT	01/23/2026	Liability Due to Customers:UM	UM:Maryland Lacrosse Camps Summer 2026		-2209.73	479734		N
ENDTRNS										
TRNS		DEPOSIT	01/23/2026	Checking	UM:Player Clinic 2026		155.25	479730		N
SPL		DEPOSIT	01/23/2026	Liability Due to Customers:UM	UM:Player Clinic 2026		-155.25	479730		N
ENDTRNS										
TRNS		DEPOSIT	01/23/2026	Checking	Yellow Jackets Midwest:Camps and Clinics 2026		155.26	479708		N
SPL		DEPOSIT	01/23/2026	Liability Due to Customers:Yellow Jackets Midwest	Yellow Jackets Midwest:Camps and Clinics 2026		-155.26	479708		N
ENDTRNS										
TRNS		DEPOSIT	01/24/2026	Checking	All American Aim:Players 2025-2026		9560.00	479890		N
SPL		DEPOSIT	01/24/2026	Liability Due to Customers:All American Aim	All American Aim:Players 2025-2026		-9560.00	479890		N
ENDTRNS										
TRNS		DEPOSIT	01/24/2026	Checking	American Select Lacrosse:Colorado 2026		279.46	479841		N
SPL		DEPOSIT	01/24/2026	Liability Due to Customers:American Select Lacrosse	American Select Lacrosse:Colorado 2026		-279.46	479841		N
ENDTRNS										
TRNS		DEPOSIT	01/24/2026	Checking	American Select Lacrosse:Georgia 2026		139.73	479740		N
SPL		DEPOSIT	01/24/2026	Liability Due to Customers:American Select Lacrosse	American Select Lacrosse:Georgia 2026		-139.73	479740		N
ENDTRNS										
TRNS		DEPOSIT	01/24/2026	Checking	American Select Lacrosse:Long Island 2026		978.11	479848		N
SPL		DEPOSIT	01/24/2026	Liability Due to Customers:American Select Lacrosse	American Select Lacrosse:Long Island 2026		-978.11	479848		N
ENDTRNS										
TRNS		DEPOSIT	01/24/2026	Checking	American Select Lacrosse:Main Event 2026		4709.25	479846		N
SPL		DEPOSIT	01/24/2026	Liability Due to Customers:American Select Lacrosse	American Select Lacrosse:Main Event 2026		-4709.25	479846		N
ENDTRNS										
TRNS		DEPOSIT	01/24/2026	Checking	American Select Lacrosse:Massachusetts 2026		419.19	479850		N
SPL		DEPOSIT	01/24/2026	Liability Due to Customers:American Select Lacrosse	American Select Lacrosse:Massachusetts 2026		-419.19	479850		N
ENDTRNS										
TRNS		DEPOSIT	01/24/2026	Checking	American Select Lacrosse:New Jersey 2026		139.73	479747		N
SPL		DEPOSIT	01/24/2026	Liability Due to Customers:American Select Lacrosse	American Select Lacrosse:New Jersey 2026		-139.73	479747		N
ENDTRNS										
TRNS		DEPOSIT	01/24/2026	Checking	American Select Lacrosse:New York-Downstate 2026		279.46	479838		N
SPL		DEPOSIT	01/24/2026	Liability Due to Customers:American Select Lacrosse	American Select Lacrosse:New York-Downstate 2026		-279.46	479838		N
ENDTRNS										
TRNS		DEPOSIT	01/24/2026	Checking	American Select Lacrosse:North East 2026		419.19	479844		N
SPL		DEPOSIT	01/24/2026	Liability Due to Customers:American Select Lacrosse	American Select Lacrosse:North East 2026		-419.19	479844		N
ENDTRNS										
TRNS		DEPOSIT	01/24/2026	Checking	American Select Lacrosse:Pacific Northwest 2026		419.19	479851		N
SPL		DEPOSIT	01/24/2026	Liability Due to Customers:American Select Lacrosse	American Select Lacrosse:Pacific Northwest 2026		-419.19	479851		N
ENDTRNS										
TRNS		DEPOSIT	01/24/2026	Checking	American Select Lacrosse:Pennsylvania 2026		698.65	479843		N
SPL		DEPOSIT	01/24/2026	Liability Due to Customers:American Select Lacrosse	American Select Lacrosse:Pennsylvania 2026		-698.65	479843		N
ENDTRNS										
TRNS		DEPOSIT	01/24/2026	Checking	G8:Summer 2026		7452.00	479779		N
SPL		DEPOSIT	01/24/2026	Liability Due to Customers:G8	G8:Summer 2026		-7452.00	479779		N
ENDTRNS										
TRNS		DEPOSIT	01/24/2026	Checking	Jr Pioneer Basketball:Spring Training 2026		309.47	479829		N
SPL		DEPOSIT	01/24/2026	Liability Due to Customers:Jr Pioneer Basketball	Jr Pioneer Basketball:Spring Training 2026		-309.47	479829		N
ENDTRNS										
TRNS		DEPOSIT	01/24/2026	Checking	Lax For The Cure:Summer 2026		19354.50	479775		N
SPL		DEPOSIT	01/24/2026	Liability Due to Customers:Lax For The Cure	Lax For The Cure:Summer 2026		-19354.50	479775		N
ENDTRNS										
TRNS		DEPOSIT	01/24/2026	Checking	LI Yellow Jackets:Clinics and Leagues 2025-2026		207.00	479847		N
SPL		DEPOSIT	01/24/2026	Liability Due to Customers:LI Yellow Jackets	LI Yellow Jackets:Clinics and Leagues 2025-2026		-207.00	479847		N
ENDTRNS										
TRNS		DEPOSIT	01/24/2026	Checking	Live Love Lax:Girls Summer 2026		25616.25	479763		N
SPL		DEPOSIT	01/24/2026	Liability Due to Customers:Live Love Lax	Live Love Lax:Girls Summer 2026		-25616.25	479763		N
ENDTRNS										
TRNS		DEPOSIT	01/24/2026	Checking	Maryland Cup:Summer Showcase 2026		4968.00	479783		N
SPL		DEPOSIT	01/24/2026	Liability Due to Customers:Maryland Cup	Maryland Cup:Summer Showcase 2026		-4968.00	479783		N
ENDTRNS										
TRNS		DEPOSIT	01/24/2026	Checking	StateOne Lacrosse:Camps and Clinics 2026		320.86	479831		N
SPL		DEPOSIT	01/24/2026	Liability Due to Customers:StateOne Lacrosse	StateOne Lacrosse:Camps and Clinics 2026		-320.86	479831		N
ENDTRNS										
TRNS		DEPOSIT	01/24/2026	Checking	STEPS Lacrosse California:Girls Elite Players 2025-2026		437.50	479858		N
SPL		DEPOSIT	01/24/2026	Liability Due to Customers:STEPS Lacrosse California	STEPS Lacrosse California:Girls Elite Players 2025-2026		-437.50	479858		N
ENDTRNS										
TRNS		DEPOSIT	01/24/2026	Checking	STEPS Lacrosse:Boys Elite Players 2025-2026		6725.00	479881		N
SPL		DEPOSIT	01/24/2026	Liability Due to Customers:STEPS Lacrosse	STEPS Lacrosse:Boys Elite Players 2025-2026		-6725.00	479881		N
ENDTRNS										
TRNS		DEPOSIT	01/24/2026	Checking	STEPS Lacrosse:Summer Programs 2026		284.63	479835		N
SPL		DEPOSIT	01/24/2026	Liability Due to Customers:STEPS Lacrosse	STEPS Lacrosse:Summer Programs 2026		-284.63	479835		N
ENDTRNS										
TRNS		DEPOSIT	01/24/2026	Checking	UM:Player Clinic 2026		310.50	479742		N
SPL		DEPOSIT	01/24/2026	Liability Due to Customers:UM	UM:Player Clinic 2026		-310.50	479742		N
ENDTRNS										
TRNS		DEPOSIT	01/25/2026	Checking	All American Aim:Players 2025-2026		3555.00	479967		N
SPL		DEPOSIT	01/25/2026	Liability Due to Customers:All American Aim	All American Aim:Players 2025-2026		-3555.00	479967		N
ENDTRNS										
TRNS		DEPOSIT	01/25/2026	Checking	American Select Lacrosse:Colorado 2026		279.46	479898		N
SPL		DEPOSIT	01/25/2026	Liability Due to Customers:American Select Lacrosse	American Select Lacrosse:Colorado 2026		-279.46	479898		N
ENDTRNS										
TRNS		DEPOSIT	01/25/2026	Checking	American Select Lacrosse:INDIVIDUAL Showcase 2026		269.10	479925		N
SPL		DEPOSIT	01/25/2026	Liability Due to Customers:American Select Lacrosse	American Select Lacrosse:INDIVIDUAL Showcase 2026		-269.10	479925		N
ENDTRNS										
TRNS		DEPOSIT	01/25/2026	Checking	American Select Lacrosse:Long Island 2026		698.65	479927		N
SPL		DEPOSIT	01/25/2026	Liability Due to Customers:American Select Lacrosse	American Select Lacrosse:Long Island 2026		-698.65	479927		N
ENDTRNS										
TRNS		DEPOSIT	01/25/2026	Checking	American Select Lacrosse:Maryland 2026		279.46	479924		N
SPL		DEPOSIT	01/25/2026	Liability Due to Customers:American Select Lacrosse	American Select Lacrosse:Maryland 2026		-279.46	479924		N
ENDTRNS										
TRNS		DEPOSIT	01/25/2026	Checking	American Select Lacrosse:New Jersey 2026		279.46	479923		N
SPL		DEPOSIT	01/25/2026	Liability Due to Customers:American Select Lacrosse	American Select Lacrosse:New Jersey 2026		-279.46	479923		N
ENDTRNS										
TRNS		DEPOSIT	01/25/2026	Checking	American Select Lacrosse:New York-Downstate 2026		419.19	479916		N
SPL		DEPOSIT	01/25/2026	Liability Due to Customers:American Select Lacrosse	American Select Lacrosse:New York-Downstate 2026		-419.19	479916		N
ENDTRNS										
TRNS		DEPOSIT	01/25/2026	Checking	American Select Lacrosse:North Carolina 2026		139.73	479903		N
SPL		DEPOSIT	01/25/2026	Liability Due to Customers:American Select Lacrosse	American Select Lacrosse:North Carolina 2026		-139.73	479903		N
ENDTRNS										
TRNS		DEPOSIT	01/25/2026	Checking	American Select Lacrosse:North East 2026		279.46	479891		N
SPL		DEPOSIT	01/25/2026	Liability Due to Customers:American Select Lacrosse	American Select Lacrosse:North East 2026		-279.46	479891		N
ENDTRNS										
TRNS		DEPOSIT	01/25/2026	Checking	American Select Lacrosse:Pacific Northwest 2026		139.73	479914		N
SPL		DEPOSIT	01/25/2026	Liability Due to Customers:American Select Lacrosse	American Select Lacrosse:Pacific Northwest 2026		-139.73	479914		N
ENDTRNS										
TRNS		DEPOSIT	01/25/2026	Checking	American Select Lacrosse:Pennsylvania 2026		558.92	479910		N
SPL		DEPOSIT	01/25/2026	Liability Due to Customers:American Select Lacrosse	American Select Lacrosse:Pennsylvania 2026		-558.92	479910		N
ENDTRNS										
TRNS		DEPOSIT	01/25/2026	Checking	Jr Pioneer Basketball:Spring Training 2026		309.47	479901		N
SPL		DEPOSIT	01/25/2026	Liability Due to Customers:Jr Pioneer Basketball	Jr Pioneer Basketball:Spring Training 2026		-309.47	479901		N
ENDTRNS										
TRNS		DEPOSIT	01/25/2026	Checking	LI Yellow Jackets:Players 2026		1453.00	479942		N
SPL		DEPOSIT	01/25/2026	Liability Due to Customers:LI Yellow Jackets	LI Yellow Jackets:Players 2026		-1453.00	479942		N
ENDTRNS										
TRNS		DEPOSIT	01/25/2026	Checking	Mendham Basketball:Boys Summer Camp 2026		258.75	479911		N
SPL		DEPOSIT	01/25/2026	Liability Due to Customers:Mendham Basketball	Mendham Basketball:Boys Summer Camp 2026		-258.75	479911		N
ENDTRNS										
TRNS		DEPOSIT	01/25/2026	Checking	STEPS Lacrosse California:Girls Elite Players 2025-2026		725.00	479973		N
SPL		DEPOSIT	01/25/2026	Liability Due to Customers:STEPS Lacrosse California	STEPS Lacrosse California:Girls Elite Players 2025-2026		-725.00	479973		N
ENDTRNS										
TRNS		DEPOSIT	01/25/2026	Checking	STEPS Lacrosse:Boys Elite Players 2025-2026		9455.00	479974		N
SPL		DEPOSIT	01/25/2026	Liability Due to Customers:STEPS Lacrosse	STEPS Lacrosse:Boys Elite Players 2025-2026		-9455.00	479974		N
ENDTRNS										
TRNS		DEPOSIT	01/25/2026	Checking	STEPS Lacrosse:Girls Elite Tryouts 2026-2027		93.15	479896		N
SPL		DEPOSIT	01/25/2026	Liability Due to Customers:STEPS Lacrosse	STEPS Lacrosse:Girls Elite Tryouts 2026-2027		-93.15	479896		N
ENDTRNS										
TRNS		DEPOSIT	01/25/2026	Checking	STEPS Lacrosse:Summer Programs 2026		284.63	479905		N
SPL		DEPOSIT	01/25/2026	Liability Due to Customers:STEPS Lacrosse	STEPS Lacrosse:Summer Programs 2026		-284.63	479905		N
ENDTRNS										
TRNS		DEPOSIT	01/25/2026	Checking	UM:Maryland Lacrosse Camps Summer 2026		1888.88	479926		N
SPL		DEPOSIT	01/25/2026	Liability Due to Customers:UM	UM:Maryland Lacrosse Camps Summer 2026		-1888.88	479926		N
ENDTRNS										
TRNS		DEPOSIT	01/25/2026	Checking	UM:Player Clinic 2026		155.25	479915		N
SPL		DEPOSIT	01/25/2026	Liability Due to Customers:UM	UM:Player Clinic 2026		-155.25	479915		N
ENDTRNS										
TRNS		DEPOSIT	01/25/2026	Checking	XPO:California 2026		2251.14	479908		N
SPL		DEPOSIT	01/25/2026	Liability Due to Customers:XPO	XPO:California 2026		-2251.14	479908		N
ENDTRNS										
TRNS		DEPOSIT	01/25/2026	Checking	XPO:NJ Girls June 2026		408.83	479913		N
SPL		DEPOSIT	01/25/2026	Liability Due to Customers:XPO	XPO:NJ Girls June 2026		-408.83	479913		N
ENDTRNS										
TRNS		DEPOSIT	01/25/2026	Checking	Yellow Jackets Mid-Atlantic:Players 2025-2026		1000.00	479943		N
SPL		DEPOSIT	01/25/2026	Liability Due to Customers:Yellow Jackets Mid-Atlantic	Yellow Jackets Mid-Atlantic:Players 2025-2026		-1000.00	479943		N
ENDTRNS										
TRNS		DEPOSIT	01/25/2026	Checking	Yellow Jackets Mid-Atlantic:Supplemental Tryouts 2026		77.63	479917		N
SPL		DEPOSIT	01/25/2026	Liability Due to Customers:Yellow Jackets Mid-Atlantic	Yellow Jackets Mid-Atlantic:Supplemental Tryouts 2026		-77.63	479917		N
ENDTRNS										
TRNS		DEPOSIT	01/25/2026	Checking	Yellow Jackets Midwest:Camps and Clinics 2026		77.63	479909		N
SPL		DEPOSIT	01/25/2026	Liability Due to Customers:Yellow Jackets Midwest	Yellow Jackets Midwest:Camps and Clinics 2026		-77.63	479909		N
ENDTRNS										
TRNS		DEPOSIT	01/26/2026	Checking	All American Aim:Players 2025-2026		625.00	480101		N
SPL		DEPOSIT	01/26/2026	Liability Due to Customers:All American Aim	All American Aim:Players 2025-2026		-625.00	480101		N
ENDTRNS										
TRNS		DEPOSIT	01/26/2026	Checking	American Select Lacrosse:Colorado 2026		279.46	479998		N
SPL		DEPOSIT	01/26/2026	Liability Due to Customers:American Select Lacrosse	American Select Lacrosse:Colorado 2026		-279.46	479998		N
ENDTRNS										
TRNS		DEPOSIT	01/26/2026	Checking	American Select Lacrosse:Delaware 2026		139.73	480003		N
SPL		DEPOSIT	01/26/2026	Liability Due to Customers:American Select Lacrosse	American Select Lacrosse:Delaware 2026		-139.73	480003		N
ENDTRNS										
TRNS		DEPOSIT	01/26/2026	Checking	American Select Lacrosse:Georgia 2026		139.73	480000		N
SPL		DEPOSIT	01/26/2026	Liability Due to Customers:American Select Lacrosse	American Select Lacrosse:Georgia 2026		-139.73	480000		N
ENDTRNS										
TRNS		DEPOSIT	01/26/2026	Checking	American Select Lacrosse:INDIVIDUAL Showcase 2026		269.10	479986		N
SPL		DEPOSIT	01/26/2026	Liability Due to Customers:American Select Lacrosse	American Select Lacrosse:INDIVIDUAL Showcase 2026		-269.10	479986		N
ENDTRNS										
TRNS		DEPOSIT	01/26/2026	Checking	American Select Lacrosse:Long Island 2026		558.92	479989		N
SPL		DEPOSIT	01/26/2026	Liability Due to Customers:American Select Lacrosse	American Select Lacrosse:Long Island 2026		-558.92	479989		N
ENDTRNS										
TRNS		DEPOSIT	01/26/2026	Checking	American Select Lacrosse:Main Event 2026		698.63	480015		N
SPL		DEPOSIT	01/26/2026	Liability Due to Customers:American Select Lacrosse	American Select Lacrosse:Main Event 2026		-698.63	480015		N
ENDTRNS										
TRNS		DEPOSIT	01/26/2026	Checking	American Select Lacrosse:Maryland 2026		139.73	479928		N
SPL		DEPOSIT	01/26/2026	Liability Due to Customers:American Select Lacrosse	American Select Lacrosse:Maryland 2026		-139.73	479928		N
ENDTRNS										
TRNS		DEPOSIT	01/26/2026	Checking	American Select Lacrosse:Massachusetts 2026		279.46	480016		N
SPL		DEPOSIT	01/26/2026	Liability Due to Customers:American Select Lacrosse	American Select Lacrosse:Massachusetts 2026		-279.46	480016		N
ENDTRNS										
TRNS		DEPOSIT	01/26/2026	Checking	American Select Lacrosse:New Jersey 2026		139.73	479984		N
SPL		DEPOSIT	01/26/2026	Liability Due to Customers:American Select Lacrosse	American Select Lacrosse:New Jersey 2026		-139.73	479984		N
ENDTRNS										
TRNS		DEPOSIT	01/26/2026	Checking	American Select Lacrosse:New York-Downstate 2026		139.73	479932		N
SPL		DEPOSIT	01/26/2026	Liability Due to Customers:American Select Lacrosse	American Select Lacrosse:New York-Downstate 2026		-139.73	479932		N
ENDTRNS										
TRNS		DEPOSIT	01/26/2026	Checking	American Select Lacrosse:North Carolina 2026		139.73	480014		N
SPL		DEPOSIT	01/26/2026	Liability Due to Customers:American Select Lacrosse	American Select Lacrosse:North Carolina 2026		-139.73	480014		N
ENDTRNS										
TRNS		DEPOSIT	01/26/2026	Checking	American Select Lacrosse:North East 2026		139.73	480013		N
SPL		DEPOSIT	01/26/2026	Liability Due to Customers:American Select Lacrosse	American Select Lacrosse:North East 2026		-139.73	480013		N
ENDTRNS										
TRNS		DEPOSIT	01/26/2026	Checking	American Select Lacrosse:Pennsylvania 2026		838.38	480006		N
SPL		DEPOSIT	01/26/2026	Liability Due to Customers:American Select Lacrosse	American Select Lacrosse:Pennsylvania 2026		-838.38	480006		N
ENDTRNS										
TRNS		DEPOSIT	01/26/2026	Checking	American Select Lacrosse:Tennessee 2026		139.73	479993		N
SPL		DEPOSIT	01/26/2026	Liability Due to Customers:American Select Lacrosse	American Select Lacrosse:Tennessee 2026		-139.73	479993		N
ENDTRNS										
TRNS		DEPOSIT	01/26/2026	Checking	Hero's Lacrosse:Camps and Clinics 2026		20.70	480008		N
SPL		DEPOSIT	01/26/2026	Liability Due to Customers:Hero's Lacrosse	Hero's Lacrosse:Camps and Clinics 2026		-20.70	480008		N
ENDTRNS										
TRNS		DEPOSIT	01/26/2026	Checking	LI Yellow Jackets:Players 2026		621.00	480094		N
SPL		DEPOSIT	01/26/2026	Liability Due to Customers:LI Yellow Jackets	LI Yellow Jackets:Players 2026		-621.00	480094		N
ENDTRNS										
TRNS		DEPOSIT	01/26/2026	Checking	Live Love Lax:Girls Summer 2026		4347.00	480007		N
SPL		DEPOSIT	01/26/2026	Liability Due to Customers:Live Love Lax	Live Love Lax:Girls Summer 2026		-4347.00	480007		N
ENDTRNS										
TRNS		DEPOSIT	01/26/2026	Checking	Mendham Basketball:Boys Summer Camp 2026		258.75	479988		N
SPL		DEPOSIT	01/26/2026	Liability Due to Customers:Mendham Basketball	Mendham Basketball:Boys Summer Camp 2026		-258.75	479988		N
ENDTRNS										
TRNS		DEPOSIT	01/26/2026	Checking	Premier Lacrosse:Camps and Clinics 2026		439.88	479981		N
SPL		DEPOSIT	01/26/2026	Liability Due to Customers:Premier Lacrosse	Premier Lacrosse:Camps and Clinics 2026		-439.88	479981		N
ENDTRNS										
TRNS		DEPOSIT	01/26/2026	Checking	StateOne Lacrosse:Camps and Clinics 2026		207.00	479994		N
SPL		DEPOSIT	01/26/2026	Liability Due to Customers:StateOne Lacrosse	StateOne Lacrosse:Camps and Clinics 2026		-207.00	479994		N
ENDTRNS										
TRNS		DEPOSIT	01/26/2026	Checking	STEPS Lacrosse California:Girls Elite Players 2025-2026		725.00	480097		N
SPL		DEPOSIT	01/26/2026	Liability Due to Customers:STEPS Lacrosse California	STEPS Lacrosse California:Girls Elite Players 2025-2026		-725.00	480097		N
ENDTRNS										
TRNS		DEPOSIT	01/26/2026	Checking	STEPS Lacrosse:Boys Elite Players 2025-2026		2590.00	480103		N
SPL		DEPOSIT	01/26/2026	Liability Due to Customers:STEPS Lacrosse	STEPS Lacrosse:Boys Elite Players 2025-2026		-2590.00	480103		N
ENDTRNS										
TRNS		DEPOSIT	01/26/2026	Checking	STEPS Lacrosse:Girls Elite Players 2025-2026		545.00	480098		N
SPL		DEPOSIT	01/26/2026	Liability Due to Customers:STEPS Lacrosse	STEPS Lacrosse:Girls Elite Players 2025-2026		-545.00	480098		N
ENDTRNS										
TRNS		DEPOSIT	01/26/2026	Checking	STEPS Lacrosse:Girls Elite Tryouts 2026-2027		279.45	480002		N
SPL		DEPOSIT	01/26/2026	Liability Due to Customers:STEPS Lacrosse	STEPS Lacrosse:Girls Elite Tryouts 2026-2027		-279.45	480002		N
ENDTRNS										
TRNS		DEPOSIT	01/26/2026	Checking	The Players Series:Girls Summer Showcase 2026		615.83	479929		N
SPL		DEPOSIT	01/26/2026	Liability Due to Customers:The Players Series	The Players Series:Girls Summer Showcase 2026		-615.83	479929		N
ENDTRNS										
TRNS		DEPOSIT	01/26/2026	Checking	UM:Maryland Lacrosse Camps Summer 2026		4631.64	480012		N
SPL		DEPOSIT	01/26/2026	Liability Due to Customers:UM	UM:Maryland Lacrosse Camps Summer 2026		-4631.64	480012		N
ENDTRNS										
TRNS		DEPOSIT	01/26/2026	Checking	Yellow Jackets Mid-Atlantic:Players 2025-2026		4500.00	479983		N
SPL		DEPOSIT	01/26/2026	Liability Due to Customers:Yellow Jackets Mid-Atlantic	Yellow Jackets Mid-Atlantic:Players 2025-2026		-4500.00	479983		N
ENDTRNS										
TRNS		DEPOSIT	01/26/2026	Checking	Yellow Jackets Midwest:Camps and Clinics 2026		77.63	480001		N
SPL		DEPOSIT	01/26/2026	Liability Due to Customers:Yellow Jackets Midwest	Yellow Jackets Midwest:Camps and Clinics 2026		-77.63	480001		N
ENDTRNS										
TRNS		DEPOSIT	01/26/2026	Checking	Yellow Jackets Midwest:Players 2026		3200.00	479982		N
SPL		DEPOSIT	01/26/2026	Liability Due to Customers:Yellow Jackets Midwest	Yellow Jackets Midwest:Players 2026		-3200.00	479982		N
ENDTRNS										
TRNS		DEPOSIT	01/27/2026	Checking	All American Aim:Players 2025-2026		625.00	480109		N
SPL		DEPOSIT	01/27/2026	Liability Due to Customers:All American Aim	All American Aim:Players 2025-2026		-625.00	480109		N
ENDTRNS										
TRNS		DEPOSIT	01/27/2026	Checking	American Select Lacrosse:Colorado 2026		419.19	480087		N
SPL		DEPOSIT	01/27/2026	Liability Due to Customers:American Select Lacrosse	American Select Lacrosse:Colorado 2026		-419.19	480087		N
ENDTRNS										
ENDTRNS										
TRNS		DEPOSIT	01/27/2026	Checking	American Select Lacrosse:INDIVIDUAL Showcase 2026		269.10	480033		N
SPL		DEPOSIT	01/27/2026	Liability Due to Customers:American Select Lacrosse	American Select Lacrosse:INDIVIDUAL Showcase 2026		-269.10	480033		N
ENDTRNS										
TRNS		DEPOSIT	01/27/2026	Checking	American Select Lacrosse:Long Island 2026		558.92	480159		N
SPL		DEPOSIT	01/27/2026	Liability Due to Customers:American Select Lacrosse	American Select Lacrosse:Long Island 2026		-558.92	480159		N
ENDTRNS										
TRNS		DEPOSIT	01/27/2026	Checking	American Select Lacrosse:Main Event 2026		40520.54	480147		N
SPL		DEPOSIT	01/27/2026	Liability Due to Customers:American Select Lacrosse	American Select Lacrosse:Main Event 2026		-40520.54	480147		N
ENDTRNS										
TRNS		DEPOSIT	01/27/2026	Checking	American Select Lacrosse:Maryland 2026		698.65	480160		N
SPL		DEPOSIT	01/27/2026	Liability Due to Customers:American Select Lacrosse	American Select Lacrosse:Maryland 2026		-698.65	480160		N
ENDTRNS										
TRNS		DEPOSIT	01/27/2026	Checking	American Select Lacrosse:Massachusetts 2026		558.92	480131		N
SPL		DEPOSIT	01/27/2026	Liability Due to Customers:American Select Lacrosse	American Select Lacrosse:Massachusetts 2026		-558.92	480131		N
ENDTRNS										
TRNS		DEPOSIT	01/27/2026	Checking	American Select Lacrosse:New Jersey 2026		139.73	480133		N
SPL		DEPOSIT	01/27/2026	Liability Due to Customers:American Select Lacrosse	American Select Lacrosse:New Jersey 2026		-139.73	480133		N
ENDTRNS										
TRNS		DEPOSIT	01/27/2026	Checking	American Select Lacrosse:North Carolina 2026		279.46	480161		N
SPL		DEPOSIT	01/27/2026	Liability Due to Customers:American Select Lacrosse	American Select Lacrosse:North Carolina 2026		-279.46	480161		N
ENDTRNS										
TRNS		DEPOSIT	01/27/2026	Checking	American Select Lacrosse:North East 2026		279.46	480115		N
SPL		DEPOSIT	01/27/2026	Liability Due to Customers:American Select Lacrosse	American Select Lacrosse:North East 2026		-279.46	480115		N
ENDTRNS										
TRNS		DEPOSIT	01/27/2026	Checking	American Select Lacrosse:Pacific Northwest 2026		419.19	480154		N
SPL		DEPOSIT	01/27/2026	Liability Due to Customers:American Select Lacrosse	American Select Lacrosse:Pacific Northwest 2026		-419.19	480154		N
ENDTRNS										
TRNS		DEPOSIT	01/27/2026	Checking	American Select Lacrosse:Pennsylvania 2026		978.11	480146		N
SPL		DEPOSIT	01/27/2026	Liability Due to Customers:American Select Lacrosse	American Select Lacrosse:Pennsylvania 2026		-978.11	480146		N
ENDTRNS										
TRNS		DEPOSIT	01/27/2026	Checking	D3 Lacrosse:Girls Summer Showcase 2026		388.13	480151		N
SPL		DEPOSIT	01/27/2026	Liability Due to Customers:D3 Lacrosse	D3 Lacrosse:Girls Summer Showcase 2026		-388.13	480151		N
ENDTRNS										
TRNS		DEPOSIT	01/27/2026	Checking	G8:Summer 2026		5175.00	480162		N
SPL		DEPOSIT	01/27/2026	Liability Due to Customers:G8	G8:Summer 2026		-5175.00	480162		N
ENDTRNS										
TRNS		DEPOSIT	01/27/2026	Checking	Jr Pioneer Basketball:Spring Training 2026		309.47	480137		N
SPL		DEPOSIT	01/27/2026	Liability Due to Customers:Jr Pioneer Basketball	Jr Pioneer Basketball:Spring Training 2026		-309.47	480137		N
ENDTRNS										
TRNS		DEPOSIT	01/27/2026	Checking	Lax For The Cure:Individual Showcase 2026		284.63	480027		N
SPL		DEPOSIT	01/27/2026	Liability Due to Customers:Lax For The Cure	Lax For The Cure:Individual Showcase 2026		-284.63	480027		N
ENDTRNS										
TRNS		DEPOSIT	01/27/2026	Checking	Lax For The Cure:Summer 2026		7038.00	480150		N
SPL		DEPOSIT	01/27/2026	Liability Due to Customers:Lax For The Cure	Lax For The Cure:Summer 2026		-7038.00	480150		N
ENDTRNS										
ENDTRNS										
TRNS		DEPOSIT	01/27/2026	Checking	Live Love Lax Showcase:Individual Event 2026		258.75	480145		N
SPL		DEPOSIT	01/27/2026	Liability Due to Customers:Live Love Lax Showcase	Live Love Lax Showcase:Individual Event 2026		-258.75	480145		N
ENDTRNS										
TRNS		DEPOSIT	01/27/2026	Checking	Live Love Lax:Girls Summer 2026		11643.75	480136		N
SPL		DEPOSIT	01/27/2026	Liability Due to Customers:Live Love Lax	Live Love Lax:Girls Summer 2026		-11643.75	480136		N
ENDTRNS										
ENDTRNS										
TRNS		DEPOSIT	01/27/2026	Checking	Premier Lacrosse:Camps and Clinics 2026		1651.88	480138		N
SPL		DEPOSIT	01/27/2026	Liability Due to Customers:Premier Lacrosse	Premier Lacrosse:Camps and Clinics 2026		-1651.88	480138		N
ENDTRNS										
TRNS		DEPOSIT	01/27/2026	Checking	StateOne Lacrosse:Camps and Clinics 2026		103.50	480044		N
SPL		DEPOSIT	01/27/2026	Liability Due to Customers:StateOne Lacrosse	StateOne Lacrosse:Camps and Clinics 2026		-103.50	480044		N
ENDTRNS										
ENDTRNS										
TRNS		DEPOSIT	01/27/2026	Checking	STEPS Lacrosse:Girls Elite Players 2025-2026		520.00	480157		N
SPL		DEPOSIT	01/27/2026	Liability Due to Customers:STEPS Lacrosse	STEPS Lacrosse:Girls Elite Players 2025-2026		-520.00	480157		N
ENDTRNS										
ENDTRNS										
TRNS		DEPOSIT	01/27/2026	Checking	The Players Series:Girls Summer Showcase 2026		615.83	480143		N
SPL		DEPOSIT	01/27/2026	Liability Due to Customers:The Players Series	The Players Series:Girls Summer Showcase 2026		-615.83	480143		N
ENDTRNS										
TRNS		DEPOSIT	01/27/2026	Checking	Top of the Bay Lacrosse:Super Sixes May 16 2026		1449.00	480117		N
SPL		DEPOSIT	01/27/2026	Liability Due to Customers:Top of the Bay Lacrosse	Top of the Bay Lacrosse:Super Sixes May 16 2026		-1449.00	480117		N
ENDTRNS										
TRNS		DEPOSIT	01/27/2026	Checking	UM:Maryland Lacrosse Camps Summer 2026		3984.76	480158		N
SPL		DEPOSIT	01/27/2026	Liability Due to Customers:UM	UM:Maryland Lacrosse Camps Summer 2026		-3984.76	480158		N
ENDTRNS										
ENDTRNS										
TRNS		DEPOSIT	01/27/2026	Checking	Yellow Jackets Midwest:Camps and Clinics 2026		77.63	480036		N
SPL		DEPOSIT	01/27/2026	Liability Due to Customers:Yellow Jackets Midwest	Yellow Jackets Midwest:Camps and Clinics 2026		-77.63	480036		N
ENDTRNS										
ENDTRNS										
ENDTRNS										
ENDTRNS										
ENDTRNS										
ENDTRNS										
ENDTRNS										
ENDTRNS										
ENDTRNS										
ENDTRNS										
ENDTRNS										
ENDTRNS										
ENDTRNS										
ENDTRNS										
ENDTRNS										
ENDTRNS										
ENDTRNS										
ENDTRNS										
ENDTRNS										
ENDTRNS										
ENDTRNS										
ENDTRNS										
ENDTRNS										
ENDTRNS										
ENDTRNS										
ENDTRNS										
ENDTRNS										
ENDTRNS										
ENDTRNS										
ENDTRNS										
ENDTRNS										
!TRNS	TRNSID	TRNSTYPE	DATE	ACCNT	NAME	AMOUNT	DOCNUM	MEMO	CLEAR	TOPRINT	NAMEISTAXABLE	ADDR1
!TRNS	TRNSID	TRNSTYPE	DATE	ACCNT	NAME	AMOUNT	DOCNUM	MEMO	CLEAR	TOPRINT	NAMEISTAXABLE	ADDR1
!SPL	SPLID	TRNSTYPE	DATE	ACCNT	NAME	AMOUNT	DOCNUM	MEMO	CLEAR	QNTY	PRICE	INVITEM
!ENDTRNS												
TRNS		STMT CHG	01/31/2026	Accounts Receivable	All American Aim:Camps and Clinics 2026	-538.87			N	N	N	
SPL		STMT CHG	01/31/2026	Liability Due To Customers:All American Aim		538.87					538.87	Retainer:All American Aim
ENDTRNS												
TRNS		STMT CHG	01/31/2026	Accounts Receivable	All American Aim:Players 2025-2026	-3817.21			N	N	N	
SPL		STMT CHG	01/31/2026	Liability Due To Customers:All American Aim		3817.21					3817.21	Retainer:All American Aim
ENDTRNS												
TRNS		STMT CHG	01/31/2026	Accounts Receivable	American Select Lacrosse:Colorado 2026	-806.03			N	N	N	
SPL		STMT CHG	01/31/2026	Liability Due To Customers:American Select Lacrosse		806.03					806.03	Retainer:American Select Lacrosse
ENDTRNS												
TRNS		STMT CHG	01/31/2026	Accounts Receivable	American Select Lacrosse:DC Virginia 2026	-14.89			N	N	N	
SPL		STMT CHG	01/31/2026	Liability Due To Customers:American Select Lacrosse		14.89					14.89	Retainer:American Select Lacrosse
ENDTRNS												
TRNS		STMT CHG	01/31/2026	Accounts Receivable	American Select Lacrosse:Delaware 2026	-69.23			N	N	N	
SPL		STMT CHG	01/31/2026	Liability Due To Customers:American Select Lacrosse		69.23					69.23	Retainer:American Select Lacrosse
ENDTRNS												
TRNS		STMT CHG	01/31/2026	Accounts Receivable	American Select Lacrosse:Florida 2026	-14.89			N	N	N	
SPL		STMT CHG	01/31/2026	Liability Due To Customers:American Select Lacrosse		14.89					14.89	Retainer:American Select Lacrosse
ENDTRNS												
TRNS		STMT CHG	01/31/2026	Accounts Receivable	American Select Lacrosse:Georgia 2026	-262.04			N	N	N	
SPL		STMT CHG	01/31/2026	Liability Due To Customers:American Select Lacrosse		262.04					262.04	Retainer:American Select Lacrosse
ENDTRNS												
TRNS		STMT CHG	01/31/2026	Accounts Receivable	American Select Lacrosse:INDIVIDUAL Showcase 2026	-340.46			N	N	N	
SPL		STMT CHG	01/31/2026	Liability Due To Customers:American Select Lacrosse		340.46					340.46	Retainer:American Select Lacrosse
ENDTRNS												
TRNS		STMT CHG	01/31/2026	Accounts Receivable	American Select Lacrosse:Long Island 2026	-1186.87			N	N	N	
SPL		STMT CHG	01/31/2026	Liability Due To Customers:American Select Lacrosse		1186.87					1186.87	Retainer:American Select Lacrosse
ENDTRNS												
TRNS		STMT CHG	01/31/2026	Accounts Receivable	American Select Lacrosse:Main Event 2026	-7235.05			N	N	N	
SPL		STMT CHG	01/31/2026	Liability Due To Customers:American Select Lacrosse		7235.05					7235.05	Retainer:American Select Lacrosse
ENDTRNS												
TRNS		STMT CHG	01/31/2026	Accounts Receivable	American Select Lacrosse:Maryland 2026	-375.84			N	N	N	
SPL		STMT CHG	01/31/2026	Liability Due To Customers:American Select Lacrosse		375.84					375.84	Retainer:American Select Lacrosse
ENDTRNS												
TRNS		STMT CHG	01/31/2026	Accounts Receivable	American Select Lacrosse:Massachusetts 2026	-722.01			N	N	N	
SPL		STMT CHG	01/31/2026	Liability Due To Customers:American Select Lacrosse		722.01					722.01	Retainer:American Select Lacrosse
ENDTRNS												
TRNS		STMT CHG	01/31/2026	Accounts Receivable	American Select Lacrosse:New Jersey 2026	-998.95			N	N	N	
SPL		STMT CHG	01/31/2026	Liability Due To Customers:American Select Lacrosse		998.95					998.95	Retainer:American Select Lacrosse
ENDTRNS												
TRNS		STMT CHG	01/31/2026	Accounts Receivable	American Select Lacrosse:New York-Downstate 2026	-643.00			N	N	N	
SPL		STMT CHG	01/31/2026	Liability Due To Customers:American Select Lacrosse		643.00					643.00	Retainer:American Select Lacrosse
ENDTRNS												
TRNS		STMT CHG	01/31/2026	Accounts Receivable	American Select Lacrosse:New York-Upstate 2026	-860.48			N	N	N	
SPL		STMT CHG	01/31/2026	Liability Due To Customers:American Select Lacrosse		860.48					860.48	Retainer:American Select Lacrosse
ENDTRNS												
TRNS		STMT CHG	01/31/2026	Accounts Receivable	American Select Lacrosse:NorCal 2026	-192.48			N	N	N	
SPL		STMT CHG	01/31/2026	Liability Due To Customers:American Select Lacrosse		192.48					192.48	Retainer:American Select Lacrosse
ENDTRNS												
TRNS		STMT CHG	01/31/2026	Accounts Receivable	American Select Lacrosse:North Carolina 2026	-395.62			N	N	N	
SPL		STMT CHG	01/31/2026	Liability Due To Customers:American Select Lacrosse		395.62					395.62	Retainer:American Select Lacrosse
ENDTRNS												
TRNS		STMT CHG	01/31/2026	Accounts Receivable	American Select Lacrosse:North East 2026	-400.51			N	N	N	
SPL		STMT CHG	01/31/2026	Liability Due To Customers:American Select Lacrosse		400.51					400.51	Retainer:American Select Lacrosse
ENDTRNS												
TRNS		STMT CHG	01/31/2026	Accounts Receivable	American Select Lacrosse:Pacific Northwest 2026	-207.70			N	N	N	
SPL		STMT CHG	01/31/2026	Liability Due To Customers:American Select Lacrosse		207.70					207.70	Retainer:American Select Lacrosse
ENDTRNS												
TRNS		STMT CHG	01/31/2026	Accounts Receivable	American Select Lacrosse:Pennsylvania 2026	-1483.47			N	N	N	
SPL		STMT CHG	01/31/2026	Liability Due To Customers:American Select Lacrosse		1483.47					1483.47	Retainer:American Select Lacrosse
ENDTRNS												
TRNS		STMT CHG	01/31/2026	Accounts Receivable	American Select Lacrosse:SoCal 2026	-311.50			N	N	N	
SPL		STMT CHG	01/31/2026	Liability Due To Customers:American Select Lacrosse		311.50					311.50	Retainer:American Select Lacrosse
ENDTRNS												
TRNS		STMT CHG	01/31/2026	Accounts Receivable	American Select Lacrosse:Tennessee 2026	-9.89			N	N	N	
SPL		STMT CHG	01/31/2026	Liability Due To Customers:American Select Lacrosse		9.89					9.89	Retainer:American Select Lacrosse
ENDTRNS												
TRNS		STMT CHG	01/31/2026	Accounts Receivable	Cape St. Claire Rec Council:Soccer Spring 2026	-0.70			N	N	N	
SPL		STMT CHG	01/31/2026	Liability Due To Customers:Cape St. Claire Rec Council		0.70					0.70	Retainer:Cape St. Claire Rec Council
ENDTRNS												
TRNS		STMT CHG	01/31/2026	Accounts Receivable	CLSS:MN Boys Showcase 2026	-19.31			N	N	N	
SPL		STMT CHG	01/31/2026	Liability Due To Customers:CLSS		19.31					19.31	Retainer:CLSS
ENDTRNS												
TRNS		STMT CHG	01/31/2026	Accounts Receivable	CLSS:TN Boys Showcase 2026	-19.31			N	N	N	
SPL		STMT CHG	01/31/2026	Liability Due To Customers:CLSS		19.31					19.31	Retainer:CLSS
ENDTRNS												
TRNS		STMT CHG	01/31/2026	Accounts Receivable	Compass Noreaster Lacrosse:Ghost Games 2026	-3604.30			N	N	N	
SPL		STMT CHG	01/31/2026	Liability Due To Customers:Compass Noreaster Lacrosse		3604.30					3604.30	Retainer:Compass Noreaster Lacrosse
ENDTRNS												
TRNS		STMT CHG	01/31/2026	Accounts Receivable	D3 Lacrosse:Girls Summer Showcase (Maryland) 2026	-74.34			N	N	N	
SPL		STMT CHG	01/31/2026	Liability Due To Customers:D3 Lacrosse		74.34					74.34	Retainer:D3 Lacrosse
ENDTRNS												
TRNS		STMT CHG	01/31/2026	Accounts Receivable	D3 Lacrosse:Girls Summer Showcase 2026	-55.75			N	N	N	
SPL		STMT CHG	01/31/2026	Liability Due To Customers:D3 Lacrosse		55.75					55.75	Retainer:D3 Lacrosse
ENDTRNS												
TRNS		STMT CHG	01/31/2026	Accounts Receivable	G8:Summer 2026	-1859.46			N	N	N	
SPL		STMT CHG	01/31/2026	Liability Due To Customers:G8		1859.46					1859.46	Retainer:G8
ENDTRNS												
TRNS		STMT CHG	01/31/2026	Accounts Receivable	Hero's Lacrosse:Camps and Clinics 2026	-52.17			N	N	N	
SPL		STMT CHG	01/31/2026	Liability Due To Customers:Hero's Lacrosse		52.17					52.17	Retainer:Hero's Lacrosse
ENDTRNS												
TRNS		STMT CHG	01/31/2026	Accounts Receivable	Hero's Lacrosse:Players 2025-2026	-62.00			N	N	N	
SPL		STMT CHG	01/31/2026	Liability Due To Customers:Hero's Lacrosse		62.00					62.00	Retainer:Hero's Lacrosse
ENDTRNS												
TRNS		STMT CHG	01/31/2026	Accounts Receivable	Jr Pioneer Basketball:Spring Training 2026	-110.82			N	N	N	
SPL		STMT CHG	01/31/2026	Liability Due To Customers:Jr Pioneer Basketball		110.82					110.82	Retainer:Jr Pioneer Basketball
ENDTRNS												
TRNS		STMT CHG	01/31/2026	Accounts Receivable	Lax By The Sea:Summer 2026	-1762.88			N	N	N	
SPL		STMT CHG	01/31/2026	Liability Due To Customers:Lax By The Sea		1762.88					1762.88	Retainer:Lax By The Sea
ENDTRNS												
TRNS		STMT CHG	01/31/2026	Accounts Receivable	Lax For The Cure:Fall Showcase 2026	-1221.59			N	N	N	
SPL		STMT CHG	01/31/2026	Liability Due To Customers:Lax For The Cure		1221.59					1221.59	Retainer:Lax For The Cure
ENDTRNS												
TRNS		STMT CHG	01/31/2026	Accounts Receivable	Lax For The Cure:Individual Showcase 2026	-74.81			N	N	N	
SPL		STMT CHG	01/31/2026	Liability Due To Customers:Lax For The Cure		74.81					74.81	Retainer:Lax For The Cure
ENDTRNS												
TRNS		STMT CHG	01/31/2026	Accounts Receivable	Lax For The Cure:Summer 2026	-4355.52			N	N	N	
SPL		STMT CHG	01/31/2026	Liability Due To Customers:Lax For The Cure		4355.52					4355.52	Retainer:Lax For The Cure
ENDTRNS												
TRNS		STMT CHG	01/31/2026	Accounts Receivable	LI Yellow Jackets:Clinics and Leagues 2025-2026	-320.73			N	N	N	
SPL		STMT CHG	01/31/2026	Liability Due To Customers:LI Yellow Jackets		320.73					320.73	Retainer:LI Yellow Jackets
ENDTRNS												
TRNS		STMT CHG	01/31/2026	Accounts Receivable	LI Yellow Jackets:Players 2026	-461.26			N	N	N	
SPL		STMT CHG	01/31/2026	Liability Due To Customers:LI Yellow Jackets		461.26					461.26	Retainer:LI Yellow Jackets
ENDTRNS												
TRNS		STMT CHG	01/31/2026	Accounts Receivable	Live Love Lax Showcase:Individual Event 2026	-28.11			N	N	N	
SPL		STMT CHG	01/31/2026	Liability Due To Customers:Live Love Lax Showcase		28.11					28.11	Retainer:Live Love Lax Showcase
ENDTRNS												
TRNS		STMT CHG	01/31/2026	Accounts Receivable	Live Love Lax:Boys Summer 2026	-196.74			N	N	N	
SPL		STMT CHG	01/31/2026	Liability Due To Customers:Live Love Lax		196.74					196.74	Retainer:Live Love Lax
ENDTRNS												
TRNS		STMT CHG	01/31/2026	Accounts Receivable	Live Love Lax:Girls Fall Festival 2026	-154.49			N	N	N	
SPL		STMT CHG	01/31/2026	Liability Due To Customers:Live Love Lax		154.49					154.49	Retainer:Live Love Lax
ENDTRNS												
TRNS		STMT CHG	01/31/2026	Accounts Receivable	Live Love Lax:Girls Summer 2026	-6638.61			N	N	N	
SPL		STMT CHG	01/31/2026	Liability Due To Customers:Live Love Lax		6638.61					6638.61	Retainer:Live Love Lax
ENDTRNS												
TRNS		STMT CHG	01/31/2026	Accounts Receivable	Long Island Elite Lacrosse:Prime Time Recruiting Showcase 2026	-261.94			N	N	N	
SPL		STMT CHG	01/31/2026	Liability Due To Customers:Long Island Elite Lacrosse		261.94					261.94	Retainer:Long Island Elite Lacrosse
ENDTRNS												
TRNS		STMT CHG	01/31/2026	Accounts Receivable	Long Island Elite Lacrosse:Young Guns Fall Festival 2026	-189.49			N	N	N	
SPL		STMT CHG	01/31/2026	Liability Due To Customers:Long Island Elite Lacrosse		189.49					189.49	Retainer:Long Island Elite Lacrosse
ENDTRNS												
TRNS		STMT CHG	01/31/2026	Accounts Receivable	Maryland Cup:Summer Showcase 2026	-1247.31			N	N	N	
SPL		STMT CHG	01/31/2026	Liability Due To Customers:Maryland Cup		1247.31					1247.31	Retainer:Maryland Cup
ENDTRNS												
TRNS		STMT CHG	01/31/2026	Accounts Receivable	Mendham Basketball:Boys Summer Camp 2026	-66.72			N	N	N	
SPL		STMT CHG	01/31/2026	Liability Due To Customers:Mendham Basketball		66.72					66.72	Retainer:Mendham Basketball
ENDTRNS												
TRNS		STMT CHG	01/31/2026	Accounts Receivable	Mendham Girls Basketball:Summer Camp 2026	-39.17			N	N	N	
SPL		STMT CHG	01/31/2026	Liability Due To Customers:Mendham Girls Basketball		39.17					39.17	Retainer:Mendham Girls Basketball
ENDTRNS												
TRNS		STMT CHG	01/31/2026	Accounts Receivable	Premier Lacrosse:Camps and Clinics 2026	-453.68			N	N	N	
SPL		STMT CHG	01/31/2026	Liability Due To Customers:Premier Lacrosse		453.68					453.68	Retainer:Premier Lacrosse
ENDTRNS												
TRNS		STMT CHG	01/31/2026	Accounts Receivable	StateOne Lacrosse:Camps and Clinics 2026	-537.26			N	N	N	
SPL		STMT CHG	01/31/2026	Liability Due To Customers:StateOne Lacrosse		537.26					537.26	Retainer:StateOne Lacrosse
ENDTRNS												
TRNS		STMT CHG	01/31/2026	Accounts Receivable	STEPS Lacrosse California:Girls Elite Players 2025-2026	-3727.15			N	N	N	
SPL		STMT CHG	01/31/2026	Liability Due To Customers:STEPS Lacrosse California		3727.15					3727.15	Retainer:STEPS Lacrosse California
ENDTRNS												
TRNS		STMT CHG	01/31/2026	Accounts Receivable	STEPS Lacrosse:Boys Elite Players 2025-2026	-2010.40			N	N	N	
SPL		STMT CHG	01/31/2026	Liability Due To Customers:STEPS Lacrosse		2010.40					2010.40	Retainer:STEPS Lacrosse
ENDTRNS												
TRNS		STMT CHG	01/31/2026	Accounts Receivable	STEPS Lacrosse:Boys Elite Tryouts 2026-2027	-21.74			N	N	N	
SPL		STMT CHG	01/31/2026	Liability Due To Customers:STEPS Lacrosse		21.74					21.74	Retainer:STEPS Lacrosse
ENDTRNS												
TRNS		STMT CHG	01/31/2026	Accounts Receivable	STEPS Lacrosse:Fall Rodeo at Rider University 2026	-18.11			N	N	N	
SPL		STMT CHG	01/31/2026	Liability Due To Customers:STEPS Lacrosse		18.11					18.11	Retainer:STEPS Lacrosse
ENDTRNS												
TRNS		STMT CHG	01/31/2026	Accounts Receivable	STEPS Lacrosse:Girls Elite Players 2025-2026	-6175.40			N	N	N	
SPL		STMT CHG	01/31/2026	Liability Due To Customers:STEPS Lacrosse		6175.40					6175.40	Retainer:STEPS Lacrosse
ENDTRNS												
TRNS		STMT CHG	01/31/2026	Accounts Receivable	STEPS Lacrosse:Girls Elite Tryouts 2026-2027	-217.89			N	N	N	
SPL		STMT CHG	01/31/2026	Liability Due To Customers:STEPS Lacrosse		217.89					217.89	Retainer:STEPS Lacrosse
ENDTRNS												
TRNS		STMT CHG	01/31/2026	Accounts Receivable	STEPS Lacrosse:Summer Programs 2026	-418.41			N	N	N	
SPL		STMT CHG	01/31/2026	Liability Due To Customers:STEPS Lacrosse		418.41					418.41	Retainer:STEPS Lacrosse
ENDTRNS												
TRNS		STMT CHG	01/31/2026	Accounts Receivable	STEPS Lacrosse:Winter Training Programs 2026	-261.54			N	N	N	
SPL		STMT CHG	01/31/2026	Liability Due To Customers:STEPS Lacrosse		261.54					261.54	Retainer:STEPS Lacrosse
ENDTRNS												
TRNS		STMT CHG	01/31/2026	Accounts Receivable	The Players Series:Girls Summer Showcase 2026	-323.65			N	N	N	
SPL		STMT CHG	01/31/2026	Liability Due To Customers:The Players Series		323.65					323.65	Retainer:The Players Series
ENDTRNS												
TRNS		STMT CHG	01/31/2026	Accounts Receivable	The Shooting Lab:The Lab Elite Team Spring Tryouts 2026	-1.45			N	N	N	
SPL		STMT CHG	01/31/2026	Liability Due To Customers:The Shooting Lab		1.45					1.45	Retainer:The Shooting Lab
ENDTRNS												
TRNS		STMT CHG	01/31/2026	Accounts Receivable	Top of the Bay Lacrosse:#LaxisLife 2026	-999.50			N	N	N	
SPL		STMT CHG	01/31/2026	Liability Due To Customers:Top of the Bay Lacrosse		999.50					999.50	Retainer:Top of the Bay Lacrosse
ENDTRNS												
TRNS		STMT CHG	01/31/2026	Accounts Receivable	Top of the Bay Lacrosse:Laxin Out Loud 2026	-183.47			N	N	N	
SPL		STMT CHG	01/31/2026	Liability Due To Customers:Top of the Bay Lacrosse		183.47					183.47	Retainer:Top of the Bay Lacrosse
ENDTRNS												
TRNS		STMT CHG	01/31/2026	Accounts Receivable	Top of the Bay Lacrosse:Super Sixes May 16 2026	-100.72			N	N	N	
SPL		STMT CHG	01/31/2026	Liability Due To Customers:Top of the Bay Lacrosse		100.72					100.72	Retainer:Top of the Bay Lacrosse
ENDTRNS												
TRNS		STMT CHG	01/31/2026	Accounts Receivable	Top of the Bay Lacrosse:Super Sixes May 30 2026	-25.00			N	N	N	
SPL		STMT CHG	01/31/2026	Liability Due To Customers:Top of the Bay Lacrosse		25.00					25.00	Retainer:Top of the Bay Lacrosse
ENDTRNS												
TRNS		STMT CHG	01/31/2026	Accounts Receivable	Top of the Bay Lacrosse:Youth Nationals 2026	-144.90			N	N	N	
SPL		STMT CHG	01/31/2026	Liability Due To Customers:Top of the Bay Lacrosse		144.90					144.90	Retainer:Top of the Bay Lacrosse
ENDTRNS												
TRNS		STMT CHG	01/31/2026	Accounts Receivable	UM:Independent Club Playday 2026	-283.01			N	N	N	
SPL		STMT CHG	01/31/2026	Liability Due To Customers:UM		283.01					283.01	Retainer:UM
ENDTRNS												
TRNS		STMT CHG	01/31/2026	Accounts Receivable	UM:Maryland Lacrosse Camps Summer 2026	-4676.81			N	N	N	
SPL		STMT CHG	01/31/2026	Liability Due To Customers:UM		4676.81					4676.81	Retainer:UM
ENDTRNS												
TRNS		STMT CHG	01/31/2026	Accounts Receivable	UM:Player Clinic 2026	-104.07			N	N	N	
SPL		STMT CHG	01/31/2026	Liability Due To Customers:UM		104.07					104.07	Retainer:UM
ENDTRNS												
TRNS		STMT CHG	01/31/2026	Accounts Receivable	UM:Winter Clinics 2026	-409.76			N	N	N	
SPL		STMT CHG	01/31/2026	Liability Due To Customers:UM		409.76					409.76	Retainer:UM
ENDTRNS												
TRNS		STMT CHG	01/31/2026	Accounts Receivable	XPO:California 2026	-250.11			N	N	N	
SPL		STMT CHG	01/31/2026	Liability Due To Customers:XPO		250.11					250.11	Retainer:XPO
ENDTRNS												
TRNS		STMT CHG	01/31/2026	Accounts Receivable	XPO:Florida Girls 2026	-10.18			N	N	N	
SPL		STMT CHG	01/31/2026	Liability Due To Customers:XPO		10.18					10.18	Retainer:XPO
ENDTRNS												
TRNS		STMT CHG	01/31/2026	Accounts Receivable	XPO:NJ Girls June 2026	-77.24			N	N	N	
SPL		STMT CHG	01/31/2026	Liability Due To Customers:XPO		77.24					77.24	Retainer:XPO
ENDTRNS												
TRNS		STMT CHG	01/31/2026	Accounts Receivable	Yellow Jackets Dutchess:Players 2025-2026	-79.10			N	N	N	
SPL		STMT CHG	01/31/2026	Liability Due To Customers:Yellow Jackets Dutchess		79.10					79.10	Retainer:Yellow Jackets Dutchess
ENDTRNS												
TRNS		STMT CHG	01/31/2026	Accounts Receivable	Yellow Jackets Mid-Atlantic:Camps and Clinics 2025-2026	-13.25			N	N	N	
SPL		STMT CHG	01/31/2026	Liability Due To Customers:Yellow Jackets Mid-Atlantic		13.25					13.25	Retainer:Yellow Jackets Mid-Atlantic
ENDTRNS												
TRNS		STMT CHG	01/31/2026	Accounts Receivable	Yellow Jackets Mid-Atlantic:Players 2025-2026	-256.38			N	N	N	
SPL		STMT CHG	01/31/2026	Liability Due To Customers:Yellow Jackets Mid-Atlantic		256.38					256.38	Retainer:Yellow Jackets Mid-Atlantic
ENDTRNS												
TRNS		STMT CHG	01/31/2026	Accounts Receivable	Yellow Jackets Mid-Atlantic:Supplemental Tryouts 2026	-2.72			N	N	N	
SPL		STMT CHG	01/31/2026	Liability Due To Customers:Yellow Jackets Mid-Atlantic		2.72					2.72	Retainer:Yellow Jackets Mid-Atlantic
ENDTRNS												
TRNS		STMT CHG	01/31/2026	Accounts Receivable	Yellow Jackets Midwest:Camps and Clinics 2026	-84.91			N	N	N	
SPL		STMT CHG	01/31/2026	Liability Due To Customers:Yellow Jackets Midwest		84.91					84.91	Retainer:Yellow Jackets Midwest
ENDTRNS												
TRNS		STMT CHG	01/31/2026	Accounts Receivable	Yellow Jackets Midwest:Players 2026	-769.00			N	N	N	
SPL		STMT CHG	01/31/2026	Liability Due To Customers:Yellow Jackets Midwest		769.00					769.00	Retainer:Yellow Jackets Midwest
ENDTRNS												
TRNS		STMT CHG	01/31/2026	Accounts Receivable	Yellow Jackets North:Players 2025-2026	-342.53			N	N	N	
SPL		STMT CHG	01/31/2026	Liability Due To Customers:Yellow Jackets North		342.53					342.53	Retainer:Yellow Jackets North
ENDTRNS												
TRNS		STMT CHG	01/31/2026	Accounts Receivable	Yellow Jackets North:Tryouts 2026-2027	-60.68			N	N	N	
SPL		STMT CHG	01/31/2026	Liability Due To Customers:Yellow Jackets North		60.68					60.68	Retainer:Yellow Jackets North
ENDTRNS												
TRNS		STMT CHG	01/31/2026	Accounts Receivable	Yellow Jackets South:Camps and Clinics 2026	-219.16			N	N	N	
SPL		STMT CHG	01/31/2026	Liability Due To Customers:Yellow Jackets South		219.16					219.16	Retainer:Yellow Jackets South
ENDTRNS												
TRNS		STMT CHG	01/31/2026	Accounts Receivable	Yellow Jackets South:Players 2025-2026	-123.94			N	N	N	
SPL		STMT CHG	01/31/2026	Liability Due To Customers:Yellow Jackets South		123.94					123.94	Retainer:Yellow Jackets South
ENDTRNS												
!TRNS	TRNSID	TRNSTYPE	DATE	ACCNT	NAME	AMOUNT	DOCNUM	MEMO	CLEAR	TOPRINT	NAMEISTAXABLE	ADDR1
!TRNS	TRNSID	TRNSTYPE	DATE	ACCNT	NAME	AMOUNT	DOCNUM	MEMO	CLEAR	TOPRINT	NAMEISTAXABLE	ADDR1
!SPL	SPLID	TRNSTYPE	DATE	ACCNT	NAME	AMOUNT	DOCNUM	MEMO	CLEAR	QNTY	PRICE	INVITEM
!ENDTRNS												
TRNS		STMT CHG	01/31/2026	Accounts Receivable	LI Yellow Jackets:Players 2026	-30.00		LI Yellow Jackets:Players 2026	N	N	N	
SPL		STMT CHG	01/31/2026	Services/Sales		30.00		LI Yellow Jackets:Players 2026	N	3	-10.00	Club:Registration
ENDTRNS												
TRNS		STMT CHG	01/31/2026	Accounts Receivable	American Select Lacrosse:Maryland 2026	190.00		American Select Lacrosse:Maryland 2026	N	N	N	
SPL		STMT CHG	01/31/2026	Services/Sales		-190.00		American Select Lacrosse:Maryland 2026	N	-38	-5.00	Showcase:Registration
ENDTRNS												
TRNS		STMT CHG	01/31/2026	Accounts Receivable	Compass Noreaster Lacrosse:Ghost Games 2026	2590.00		Compass Noreaster Lacrosse:Ghost Games 2026	N	N	N	
SPL		STMT CHG	01/31/2026	Services/Sales		-2590.00		Compass Noreaster Lacrosse:Ghost Games 2026	N	-74	-35.00	Tournament:Registration
ENDTRNS												
TRNS		STMT CHG	02/01/2026	Accounts Receivable	Top Threat Tournaments:Top Threat Championship 2026	-175.00		-5 teams @ $35.00 per team (Total 205 to date)	N	N	N	
SPL		STMT CHG	02/01/2026	Services/Sales		175.00		-5 teams @ $35.00 per team (Total 205 to date)	N	5	-35.00	Tournament:Registration
ENDTRNS												
TRNS		STMT CHG	01/31/2026	Accounts Receivable	American Select Lacrosse:Georgia 2026	130.00		American Select Lacrosse:Georgia 2026	N	N	N	
SPL		STMT CHG	01/31/2026	Services/Sales		-130.00		American Select Lacrosse:Georgia 2026	N	-26	-5.00	Showcase:Registration
ENDTRNS												
TRNS		STMT CHG	01/31/2026	Accounts Receivable	Jr Pioneer Basketball:Spring Training 2026	35.00		Jr Pioneer Basketball:Spring Training 2026	N	N	N	
SPL		STMT CHG	01/31/2026	Services/Sales		-35.00		Jr Pioneer Basketball:Spring Training 2026	N	-7	-5.00	Club:Registration
ENDTRNS												
TRNS		STMT CHG	01/31/2026	Accounts Receivable	American Select Lacrosse:Colorado 2026	405.00		American Select Lacrosse:Colorado 2026	N	N	N	
SPL		STMT CHG	01/31/2026	Services/Sales		-405.00		American Select Lacrosse:Colorado 2026	N	-81	-5.00	Showcase:Registration
ENDTRNS												
TRNS		STMT CHG	01/31/2026	Accounts Receivable	LI Yellow Jackets:Clinics and Leagues 2025-2026	28.00		LI Yellow Jackets:Clinics and Leagues 2025-2026	N	N	N	
SPL		STMT CHG	01/31/2026	Services/Sales		-28.00		LI Yellow Jackets:Clinics and Leagues 2025-2026	N	-28	-1.00	Camp:Registration
ENDTRNS												
TRNS		STMT CHG	02/01/2026	Accounts Receivable	Top Threat Tournaments:Carolina Clash 2026	175.00		5 teams @ $35.00 per team (Total 10 to date)	N	N	N	
SPL		STMT CHG	02/01/2026	Services/Sales		-175.00		5 teams @ $35.00 per team (Total 10 to date)	N	-5	-35.00	Tournament:Registration
ENDTRNS												
TRNS		STMT CHG	01/31/2026	Accounts Receivable	Long Island Elite Lacrosse:Prime Time Recruiting Showcase 2026	175.00		Long Island Elite Lacrosse:Prime Time Recruiting Showcase 2026	N	N	N	
SPL		STMT CHG	01/31/2026	Services/Sales		-175.00		Long Island Elite Lacrosse:Prime Time Recruiting Showcase 2026	N	-5	-35.00	Tournament:Registration
ENDTRNS												
TRNS		STMT CHG	01/31/2026	Accounts Receivable	Lax For The Cure:Individual Showcase 2026	25.00		Lax For The Cure:Individual Showcase 2026	N	N	N	
SPL		STMT CHG	01/31/2026	Services/Sales		-25.00		Lax For The Cure:Individual Showcase 2026	N	-5	-5.00	Showcase:Registration
ENDTRNS												
TRNS		STMT CHG	02/01/2026	Accounts Receivable	Top Threat Tournaments:Jersey Jamboree 2026	160.00		8 teams @ $20.00 per team (Total 35 to date)	N	N	N	
SPL		STMT CHG	02/01/2026	Services/Sales		-160.00		8 teams @ $20.00 per team (Total 35 to date)	N	-8	-20.00	Tournament:Registration
ENDTRNS												
TRNS		STMT CHG	01/31/2026	Accounts Receivable	XPO:NJ Girls June 2026	20.00		XPO:NJ Girls June 2026	N	N	N	
SPL		STMT CHG	01/31/2026	Services/Sales		-20.00		XPO:NJ Girls June 2026	N	-4	-5.00	Showcase:Registration
ENDTRNS												
TRNS		STMT CHG	01/31/2026	Accounts Receivable	CLSS:TN Boys Showcase 2026	5.00		CLSS:TN Boys Showcase 2026	N	N	N	
SPL		STMT CHG	01/31/2026	Services/Sales		-5.00		CLSS:TN Boys Showcase 2026	N	-1	-5.00	Showcase:Registration
ENDTRNS												
TRNS		STMT CHG	02/01/2026	Accounts Receivable	Top Threat Tournaments:Morgans Jam 2026	-160.00		-8 teams @ $20.00 per team (Total 111 to date)	N	N	N	
SPL		STMT CHG	02/01/2026	Services/Sales		160.00		-8 teams @ $20.00 per team (Total 111 to date)	N	8	-20.00	Tournament:Registration
ENDTRNS												
TRNS		STMT CHG	01/31/2026	Accounts Receivable	American Select Lacrosse:North East 2026	200.00		American Select Lacrosse:North East 2026	N	N	N	
SPL		STMT CHG	01/31/2026	Services/Sales		-200.00		American Select Lacrosse:North East 2026	N	-40	-5.00	Showcase:Registration
ENDTRNS												
TRNS		STMT CHG	01/31/2026	Accounts Receivable	American Select Lacrosse:Massachusetts 2026	365.00		American Select Lacrosse:Massachusetts 2026	N	N	N	
SPL		STMT CHG	01/31/2026	Services/Sales		-365.00		American Select Lacrosse:Massachusetts 2026	N	-73	-5.00	Showcase:Registration
ENDTRNS												
TRNS		STMT CHG	01/31/2026	Accounts Receivable	StateOne Lacrosse:Camps and Clinics 2026	152.00		StateOne Lacrosse:Camps and Clinics 2026	N	N	N	
SPL		STMT CHG	01/31/2026	Services/Sales		-152.00		StateOne Lacrosse:Camps and Clinics 2026	N	-76	-2.00	Camp:Registration
ENDTRNS												
TRNS		STMT CHG	01/31/2026	Accounts Receivable	Lax For The Cure:Summer 2026	-140.00		Lax For The Cure:Summer 2026	N	N	N	
SPL		STMT CHG	01/31/2026	Services/Sales		140.00		Lax For The Cure:Summer 2026	N	4	-35.00	Tournament:Registration
ENDTRNS												
TRNS		STMT CHG	01/31/2026	Accounts Receivable	Yellow Jackets Mid-Atlantic:Camps and Clinics 2025-2026	6.00		Yellow Jackets Mid-Atlantic:Camps and Clinics 2025-2026	N	N	N	
SPL		STMT CHG	01/31/2026	Services/Sales		-6.00		Yellow Jackets Mid-Atlantic:Camps and Clinics 2025-2026	N	-3	-2.00	Camp:Registration
ENDTRNS												
TRNS		STMT CHG	01/31/2026	Accounts Receivable	Live Love Lax Showcase:Individual Event 2026	10.00		Live Love Lax Showcase:Individual Event 2026	N	N	N	
SPL		STMT CHG	01/31/2026	Services/Sales		-10.00		Live Love Lax Showcase:Individual Event 2026	N	-2	-5.00	Showcase:Registration
ENDTRNS												
TRNS		STMT CHG	01/31/2026	Accounts Receivable	Maryland Cup:Summer Showcase 2026	70.00		Maryland Cup:Summer Showcase 2026	N	N	N	
SPL		STMT CHG	01/31/2026	Services/Sales		-70.00		Maryland Cup:Summer Showcase 2026	N	-2	-35.00	Tournament:Registration
ENDTRNS												
TRNS		STMT CHG	01/31/2026	Accounts Receivable	Hero's Lacrosse:Camps and Clinics 2026	50.00		Hero's Lacrosse:Camps and Clinics 2026	N	N	N	
SPL		STMT CHG	01/31/2026	Services/Sales		-50.00		Hero's Lacrosse:Camps and Clinics 2026	N	-25	-2.00	Camp:Registration
ENDTRNS												
TRNS		STMT CHG	01/31/2026	Accounts Receivable	All American Aim:Players 2025-2026	10.00		All American Aim:Players 2025-2026	N	N	N	
SPL		STMT CHG	01/31/2026	Services/Sales		-10.00		All American Aim:Players 2025-2026	N	-1	-10.00	Club:Registration
ENDTRNS												
TRNS		STMT CHG	01/31/2026	Accounts Receivable	Lax For The Cure:Fall Showcase 2026	805.00		Lax For The Cure:Fall Showcase 2026	N	N	N	
SPL		STMT CHG	01/31/2026	Services/Sales		-805.00		Lax For The Cure:Fall Showcase 2026	N	-23	-35.00	Tournament:Registration
ENDTRNS												
TRNS		STMT CHG	01/31/2026	Accounts Receivable	UM:Independent Club Playday 2026	120.00		UM:Independent Club Playday 2026	N	N	N	
SPL		STMT CHG	01/31/2026	Services/Sales		-120.00		UM:Independent Club Playday 2026	N	-8	-15.00	Tournament:Registration
ENDTRNS												
TRNS		STMT CHG	01/31/2026	Accounts Receivable	American Select Lacrosse:DC Virginia 2026	10.00		American Select Lacrosse:DC Virginia 2026	N	N	N	
SPL		STMT CHG	01/31/2026	Services/Sales		-10.00		American Select Lacrosse:DC Virginia 2026	N	-2	-5.00	Showcase:Registration
ENDTRNS												
TRNS		STMT CHG	01/31/2026	Accounts Receivable	UM:Maryland Lacrosse Camps Summer 2026	1585.00		UM:Maryland Lacrosse Camps Summer 2026	N	N	N	
SPL		STMT CHG	01/31/2026	Services/Sales		-1585.00		UM:Maryland Lacrosse Camps Summer 2026	N	-317	-5.00	Camp:Registration
ENDTRNS												
TRNS		STMT CHG	01/31/2026	Accounts Receivable	All American Aim:Camps and Clinics 2026	76.00		All American Aim:Camps and Clinics 2026	N	N	N	
SPL		STMT CHG	01/31/2026	Services/Sales		-76.00		All American Aim:Camps and Clinics 2026	N	-38	-2.00	Camp:Registration
ENDTRNS												
TRNS		STMT CHG	02/01/2026	Accounts Receivable	Top Threat Tournaments:Taste of the South 2026	70.00		2 teams @ $35.00 per team (Total 20 to date)	N	N	N	
SPL		STMT CHG	02/01/2026	Services/Sales		-70.00		2 teams @ $35.00 per team (Total 20 to date)	N	-2	-35.00	Tournament:Registration
ENDTRNS												
TRNS		STMT CHG	01/31/2026	Accounts Receivable	Top of the Bay Lacrosse:Super Sixes May 16 2026	50.00		Top of the Bay Lacrosse:Super Sixes May 16 2026	N	N	N	
SPL		STMT CHG	01/31/2026	Services/Sales		-50.00		Top of the Bay Lacrosse:Super Sixes May 16 2026	N	-2	-25.00	Tournament:Registration
ENDTRNS												
TRNS		STMT CHG	01/31/2026	Accounts Receivable	American Select Lacrosse:Pennsylvania 2026	745.00		American Select Lacrosse:Pennsylvania 2026	N	N	N	
SPL		STMT CHG	01/31/2026	Services/Sales		-745.00		American Select Lacrosse:Pennsylvania 2026	N	-149	-5.00	Showcase:Registration
ENDTRNS												
TRNS		STMT CHG	01/31/2026	Accounts Receivable	American Select Lacrosse:New York-Downstate 2026	330.00		American Select Lacrosse:New York-Downstate 2026	N	N	N	
SPL		STMT CHG	01/31/2026	Services/Sales		-330.00		American Select Lacrosse:New York-Downstate 2026	N	-66	-5.00	Showcase:Registration
ENDTRNS												
TRNS		STMT CHG	01/31/2026	Accounts Receivable	American Select Lacrosse:SoCal 2026	155.00		American Select Lacrosse:SoCal 2026	N	N	N	
SPL		STMT CHG	01/31/2026	Services/Sales		-155.00		American Select Lacrosse:SoCal 2026	N	-31	-5.00	Showcase:Registration
ENDTRNS												
TRNS		STMT CHG	02/01/2026	Accounts Receivable	Top Threat Tournaments:Fall Draw 2026	35.00		1 teams @ $35.00 per team (Total 235 to date)	N	N	N	
SPL		STMT CHG	02/01/2026	Services/Sales		-35.00		1 teams @ $35.00 per team (Total 235 to date)	N	-1	-35.00	Tournament:Registration
ENDTRNS												
TRNS		STMT CHG	01/31/2026	Accounts Receivable	UM:Winter Clinics 2026	88.00		UM:Winter Clinics 2026	N	N	N	
SPL		STMT CHG	01/31/2026	Services/Sales		-88.00		UM:Winter Clinics 2026	N	-44	-2.00	Camp:Registration
ENDTRNS												
TRNS		STMT CHG	01/31/2026	Accounts Receivable	American Select Lacrosse:New York-Upstate 2026	435.00		American Select Lacrosse:New York-Upstate 2026	N	N	N	
SPL		STMT CHG	01/31/2026	Services/Sales		-435.00		American Select Lacrosse:New York-Upstate 2026	N	-87	-5.00	Showcase:Registration
ENDTRNS												
TRNS		STMT CHG	01/31/2026	Accounts Receivable	G8:Summer 2026	175.00		G8:Summer 2026	N	N	N	
SPL		STMT CHG	01/31/2026	Services/Sales		-175.00		G8:Summer 2026	N	-5	-35.00	Tournament:Registration
ENDTRNS												
TRNS		STMT CHG	01/31/2026	Accounts Receivable	Yellow Jackets Midwest:Camps and Clinics 2026	36.00		Yellow Jackets Midwest:Camps and Clinics 2026	N	N	N	
SPL		STMT CHG	01/31/2026	Services/Sales		-36.00		Yellow Jackets Midwest:Camps and Clinics 2026	N	-18	-2.00	Camp:Registration
ENDTRNS												
TRNS		STMT CHG	01/31/2026	Accounts Receivable	American Select Lacrosse:Florida 2026	10.00		American Select Lacrosse:Florida 2026	N	N	N	
SPL		STMT CHG	01/31/2026	Services/Sales		-10.00		American Select Lacrosse:Florida 2026	N	-2	-5.00	Showcase:Registration
ENDTRNS												
TRNS		STMT CHG	01/31/2026	Accounts Receivable	American Select Lacrosse:Delaware 2026	35.00		American Select Lacrosse:Delaware 2026	N	N	N	
SPL		STMT CHG	01/31/2026	Services/Sales		-35.00		American Select Lacrosse:Delaware 2026	N	-7	-5.00	Showcase:Registration
ENDTRNS												
TRNS		STMT CHG	01/31/2026	Accounts Receivable	American Select Lacrosse:New Jersey 2026	505.00		American Select Lacrosse:New Jersey 2026	N	N	N	
SPL		STMT CHG	01/31/2026	Services/Sales		-505.00		American Select Lacrosse:New Jersey 2026	N	-101	-5.00	Showcase:Registration
ENDTRNS												
TRNS		STMT CHG	01/31/2026	Accounts Receivable	Top of the Bay Lacrosse:Super Sixes May 30 2026	25.00		Top of the Bay Lacrosse:Super Sixes May 30 2026	N	N	N	
SPL		STMT CHG	01/31/2026	Services/Sales		-25.00		Top of the Bay Lacrosse:Super Sixes May 30 2026	N	-1	-25.00	Tournament:Registration
ENDTRNS												
TRNS		STMT CHG	01/31/2026	Accounts Receivable	The Players Series:Girls Summer Showcase 2026	65.00		The Players Series:Girls Summer Showcase 2026	N	N	N	
SPL		STMT CHG	01/31/2026	Services/Sales		-65.00		The Players Series:Girls Summer Showcase 2026	N	-13	-5.00	Showcase:Registration
ENDTRNS												
TRNS		STMT CHG	01/31/2026	Accounts Receivable	American Select Lacrosse:NorCal 2026	80.00		American Select Lacrosse:NorCal 2026	N	N	N	
SPL		STMT CHG	01/31/2026	Services/Sales		-80.00		American Select Lacrosse:NorCal 2026	N	-16	-5.00	Showcase:Registration
ENDTRNS												
TRNS		STMT CHG	01/31/2026	Accounts Receivable	Premier Lacrosse:Camps and Clinics 2026	54.00		Premier Lacrosse:Camps and Clinics 2026	N	N	N	
SPL		STMT CHG	01/31/2026	Services/Sales		-54.00		Premier Lacrosse:Camps and Clinics 2026	N	-27	-2.00	Camp:Registration
ENDTRNS												
TRNS		STMT CHG	02/01/2026	Accounts Receivable	Top Threat Tournaments:Big Dawgs Classic 2026	25.00		1 teams @ $25.00 per team (Total 8 to date)	N	N	N	
SPL		STMT CHG	02/01/2026	Services/Sales		-25.00		1 teams @ $25.00 per team (Total 8 to date)	N	-1	-25.00	Tournament:Registration
ENDTRNS												
TRNS		STMT CHG	01/31/2026	Accounts Receivable	D3 Lacrosse:Girls Summer Showcase 2026	15.00		D3 Lacrosse:Girls Summer Showcase 2026	N	N	N	
SPL		STMT CHG	01/31/2026	Services/Sales		-15.00		D3 Lacrosse:Girls Summer Showcase 2026	N	-3	-5.00	Showcase:Registration
ENDTRNS												
TRNS		STMT CHG	01/31/2026	Accounts Receivable	American Select Lacrosse:Long Island 2026	600.00		American Select Lacrosse:Long Island 2026	N	N	N	
SPL		STMT CHG	01/31/2026	Services/Sales		-600.00		American Select Lacrosse:Long Island 2026	N	-120	-5.00	Showcase:Registration
ENDTRNS												
TRNS		STMT CHG	01/31/2026	Accounts Receivable	Live Love Lax:Girls Fall Festival 2026	140.00		Live Love Lax:Girls Fall Festival 2026	N	N	N	
SPL		STMT CHG	01/31/2026	Services/Sales		-140.00		Live Love Lax:Girls Fall Festival 2026	N	-4	-35.00	Tournament:Registration
ENDTRNS												
TRNS		STMT CHG	01/31/2026	Accounts Receivable	XPO:Florida Girls 2026	-15.00		XPO:Florida Girls 2026	N	N	N	
SPL		STMT CHG	01/31/2026	Services/Sales		15.00		XPO:Florida Girls 2026	N	3	-5.00	Showcase:Registration
ENDTRNS												
TRNS		STMT CHG	01/31/2026	Accounts Receivable	UM:Player Clinic 2026	28.00		UM:Player Clinic 2026	N	N	N	
SPL		STMT CHG	01/31/2026	Services/Sales		-28.00		UM:Player Clinic 2026	N	-14	-2.00	Camp:Registration
ENDTRNS												
TRNS		STMT CHG	01/31/2026	Accounts Receivable	Yellow Jackets Midwest:Players 2026	13.00		Yellow Jackets Midwest:Players 2026	N	N	N	
SPL		STMT CHG	01/31/2026	Services/Sales		-13.00		Yellow Jackets Midwest:Players 2026	N	-1	-13.00	Club:Registration
ENDTRNS												
TRNS		STMT CHG	01/31/2026	Accounts Receivable	American Select Lacrosse:Tennessee 2026	5.00		American Select Lacrosse:Tennessee 2026	N	N	N	
SPL		STMT CHG	01/31/2026	Services/Sales		-5.00		American Select Lacrosse:Tennessee 2026	N	-1	-5.00	Showcase:Registration
ENDTRNS												
TRNS		STMT CHG	01/31/2026	Accounts Receivable	Lax By The Sea:Summer 2026	140.00		Lax By The Sea:Summer 2026	N	N	N	
SPL		STMT CHG	01/31/2026	Services/Sales		-140.00		Lax By The Sea:Summer 2026	N	-4	-35.00	Tournament:Registration
ENDTRNS												
TRNS		STMT CHG	01/31/2026	Accounts Receivable	CLSS:MN Boys Showcase 2026	5.00		CLSS:MN Boys Showcase 2026	N	N	N	
SPL		STMT CHG	01/31/2026	Services/Sales		-5.00		CLSS:MN Boys Showcase 2026	N	-1	-5.00	Showcase:Registration
ENDTRNS												
TRNS		STMT CHG	01/31/2026	Accounts Receivable	Mendham Basketball:Boys Summer Camp 2026	16.00		Mendham Basketball:Boys Summer Camp 2026	N	N	N	
SPL		STMT CHG	01/31/2026	Services/Sales		-16.00		Mendham Basketball:Boys Summer Camp 2026	N	-4	-4.00	Club:Registration
ENDTRNS												
TRNS		STMT CHG	01/31/2026	Accounts Receivable	Live Love Lax:Boys Summer 2026	175.00		Live Love Lax:Boys Summer 2026	N	N	N	
SPL		STMT CHG	01/31/2026	Services/Sales		-175.00		Live Love Lax:Boys Summer 2026	N	-7	-25.00	Tournament:Registration
ENDTRNS												
TRNS		STMT CHG	01/31/2026	Accounts Receivable	American Select Lacrosse:INDIVIDUAL Showcase 2026	105.00		American Select Lacrosse:INDIVIDUAL Showcase 2026	N	N	N	
SPL		STMT CHG	01/31/2026	Services/Sales		-105.00		American Select Lacrosse:INDIVIDUAL Showcase 2026	N	-21	-5.00	Showcase:Registration
ENDTRNS												
TRNS		STMT CHG	01/31/2026	Accounts Receivable	Long Island Elite Lacrosse:Young Guns Fall Festival 2026	175.00		Long Island Elite Lacrosse:Young Guns Fall Festival 2026	N	N	N	
SPL		STMT CHG	01/31/2026	Services/Sales		-175.00		Long Island Elite Lacrosse:Young Guns Fall Festival 2026	N	-5	-35.00	Tournament:Registration
ENDTRNS												
TRNS		STMT CHG	01/31/2026	Accounts Receivable	Top of the Bay Lacrosse:Laxin Out Loud 2026	140.00		Top of the Bay Lacrosse:Laxin Out Loud 2026	N	N	N	
SPL		STMT CHG	01/31/2026	Services/Sales		-140.00		Top of the Bay Lacrosse:Laxin Out Loud 2026	N	-4	-35.00	Tournament:Registration
ENDTRNS												
TRNS		STMT CHG	02/01/2026	Accounts Receivable	Top Threat Tournaments:The SAT Georgia 2026	350.00		10 teams @ $35.00 per team (Total 31 to date)	N	N	N	
SPL		STMT CHG	02/01/2026	Services/Sales		-350.00		10 teams @ $35.00 per team (Total 31 to date)	N	-10	-35.00	Tournament:Registration
ENDTRNS												
TRNS		STMT CHG	01/31/2026	Accounts Receivable	American Select Lacrosse:Pacific Northwest 2026	105.00		American Select Lacrosse:Pacific Northwest 2026	N	N	N	
SPL		STMT CHG	01/31/2026	Services/Sales		-105.00		American Select Lacrosse:Pacific Northwest 2026	N	-21	-5.00	Showcase:Registration
ENDTRNS												
TRNS		STMT CHG	01/31/2026	Accounts Receivable	Mendham Girls Basketball:Summer Camp 2026	12.00		Mendham Girls Basketball:Summer Camp 2026	N	N	N	
SPL		STMT CHG	01/31/2026	Services/Sales		-12.00		Mendham Girls Basketball:Summer Camp 2026	N	-3	-4.00	Club:Registration
ENDTRNS												
TRNS		STMT CHG	01/31/2026	Accounts Receivable	Hero's Lacrosse:Players 2025-2026	20.00		Hero's Lacrosse:Players 2025-2026	N	N	N	
SPL		STMT CHG	01/31/2026	Services/Sales		-20.00		Hero's Lacrosse:Players 2025-2026	N	-2	-10.00	Club:Registration
ENDTRNS												
TRNS		STMT CHG	01/31/2026	Accounts Receivable	D3 Lacrosse:Girls Summer Showcase (Maryland) 2026	20.00		D3 Lacrosse:Girls Summer Showcase (Maryland) 2026	N	N	N	
SPL		STMT CHG	01/31/2026	Services/Sales		-20.00		D3 Lacrosse:Girls Summer Showcase (Maryland) 2026	N	-4	-5.00	Showcase:Registration
ENDTRNS												
TRNS		STMT CHG	01/31/2026	Accounts Receivable	XPO:California 2026	40.00		XPO:California 2026	N	N	N	
SPL		STMT CHG	01/31/2026	Services/Sales		-40.00		XPO:California 2026	N	-8	-5.00	Showcase:Registration
ENDTRNS												
TRNS		STMT CHG	01/31/2026	Accounts Receivable	Yellow Jackets South:Camps and Clinics 2026	94.00		Yellow Jackets South:Camps and Clinics 2026	N	N	N	
SPL		STMT CHG	01/31/2026	Services/Sales		-94.00		Yellow Jackets South:Camps and Clinics 2026	N	-47	-2.00	Camp:Registration
ENDTRNS												
TRNS		STMT CHG	01/31/2026	Accounts Receivable	Live Love Lax:Girls Summer 2026	455.00		Live Love Lax:Girls Summer 2026	N	N	N	
SPL		STMT CHG	01/31/2026	Services/Sales		-455.00		Live Love Lax:Girls Summer 2026	N	-13	-35.00	Tournament:Registration
ENDTRNS												
TRNS		STMT CHG	01/31/2026	Accounts Receivable	Top of the Bay Lacrosse:#LaxisLife 2026	630.00		Top of the Bay Lacrosse:#LaxisLife 2026	N	N	N	
SPL		STMT CHG	01/31/2026	Services/Sales		-630.00		Top of the Bay Lacrosse:#LaxisLife 2026	N	-18	-35.00	Tournament:Registration
ENDTRNS												
TRNS		STMT CHG	01/31/2026	Accounts Receivable	American Select Lacrosse:North Carolina 2026	200.00		American Select Lacrosse:North Carolina 2026	N	N	N	
SPL		STMT CHG	01/31/2026	Services/Sales		-200.00		American Select Lacrosse:North Carolina 2026	N	-40	-5.00	Showcase:Registration
ENDTRNS												
